<?xml version="1.0" encoding="UTF-8"?>
<!DOCTYPE html PUBLIC "-//W3C//DTD XHTML 1.0 Transitional//EN"
    "http://www.w3.org/TR/xhtml1/DTD/xhtml1-transitional.dtd">
<html xmlns="http://www.w3.org/1999/xhtml" xml:lang="en" lang="en">
 <head>
  <title>
</title>
<meta http-equiv="Content-Type" content="text/html;charset=utf-8" />
  <meta name='ocr-system' content='tesseract 3.04.00' />
  <meta name='ocr-capabilities' content='ocr_page ocr_carea ocr_par ocr_line ocrx_word'/>
</head>
<body>
  <div class='ocr_page' id='page_1' title='image "./dissertatiotheo00hoevgoog_0058.png"; bbox 0 0 2959 5284; ppageno 0'>
   <div class='ocr_carea' id='block_1_1' title="bbox 740 453 918 518">
    <p class='ocr_par' dir='ltr' id='par_1_1' title="bbox 740 453 918 518">
     <span class='ocr_line' id='line_1_1' title="bbox 740 453 918 518; baseline -0.011 -14"><span class='ocrx_word' id='word_1_1' title='bbox 740 453 918 518; x_wconf 75' lang='grc'>...30-</span> 
     </span>
    </p>
   </div>
   <div class='ocr_carea' id='block_1_2' title="bbox 305 636 1471 2411">
    <p class='ocr_par' dir='ltr' id='par_1_2' title="bbox 305 636 1471 2411">
     <span class='ocr_line' id='line_1_2' title="bbox 312 636 1348 726; baseline 0.003 -25"><span class='ocrx_word' id='word_1_2' title='bbox 312 636 471 726; x_wconf 87' lang='lat' dir='ltr'><strong>losophiae</strong></span> <span class='ocrx_word' id='word_1_3' title='bbox 493 639 647 725; x_wconf 88' lang='lat' dir='ltr'><strong>principia</strong></span> <span class='ocrx_word' id='word_1_4' title='bbox 672 637 850 704; x_wconf 74' lang='lat' dir='ltr'><strong>tradentem</strong></span> <span class='ocrx_word' id='word_1_5' title='bbox 866 639 1049 705; x_wconf 78' lang='lat' dir='ltr'><strong>audiebant.</strong></span> <span class='ocrx_word' id='word_1_6' title='bbox 1098 641 1147 704; x_wconf 80' lang='lat' dir='ltr'><strong>Ea</strong></span> <span class='ocrx_word' id='word_1_7' title='bbox 1166 656 1234 704; x_wconf 87' lang='lat' dir='ltr'><strong>erat</strong></span> <span class='ocrx_word' id='word_1_8' title='bbox 1253 642 1348 704; x_wconf 85' lang='lat' dir='ltr'><strong>andi-</strong></span> 
     </span>
     <span class='ocr_line' id='line_1_3' title="bbox 313 751 1348 840; baseline 0.003 -25"><span class='ocrx_word' id='word_1_9' title='bbox 313 769 418 820; x_wconf 88' lang='lat' dir='ltr'><strong>torum</strong></span> <span class='ocrx_word' id='word_1_10' title='bbox 438 752 598 818; x_wconf 76' lang='lat' dir='ltr'><strong>assiduitas</strong></span> <span class='ocrx_word' id='word_1_11' title='bbox 613 766 710 840; x_wconf 88' lang='lat' dir='ltr'><strong>atque</strong></span> <span class='ocrx_word' id='word_1_12' title='bbox 725 752 857 816; x_wconf 86' lang='lat' dir='ltr'><strong>attentio</strong></span> <span class='ocrx_word' id='word_1_13' title='bbox 870 773 936 840; x_wconf 88' lang='lat' dir='ltr'><strong>qua</strong></span> <span class='ocrx_word' id='word_1_14' title='bbox 946 751 1348 818; x_wconf 75' lang='lat' dir='ltr'><strong>Limhorehiusocntmtus</strong></span> 
     </span>
     <span class='ocr_line' id='line_1_4' title="bbox 311 858 1347 953; baseline 0 -23"><span class='ocrx_word' id='word_1_15' title='bbox 311 887 373 930; x_wconf 86' lang='lat' dir='ltr'><strong>csse</strong></span> <span class='ocrx_word' id='word_1_16' title='bbox 394 881 505 952; x_wconf 87' lang='lat' dir='ltr'><strong>posset.</strong></span> <span class='ocrx_word' id='word_1_17' title='bbox 554 863 705 930; x_wconf 84' lang='lat' dir='ltr'><strong>Attamen</strong></span> <span class='ocrx_word' id='word_1_18' title='bbox 722 861 831 929; x_wconf 92' lang='lat' dir='ltr'><strong>nullos</strong></span> <span class='ocrx_word' id='word_1_19' title='bbox 844 881 901 928; x_wconf 90' lang='lat' dir='ltr'><strong>aut</strong></span> <span class='ocrx_word' id='word_1_20' title='bbox 917 867 971 929; x_wconf 85' lang='lat' dir='ltr'><strong>vix</strong></span> <span class='ocrx_word' id='word_1_21' title='bbox 991 858 1076 930; x_wconf 83' lang='lat' dir='ltr'><strong>ullos</strong></span> <span class='ocrx_word' id='word_1_22' title='bbox 1092 864 1251 930; x_wconf 84' lang='lat' dir='ltr'><strong>faciehant</strong></span> <span class='ocrx_word' id='word_1_23' title='bbox 1270 889 1347 953; x_wconf 87' lang='lat' dir='ltr'><strong>pro-</strong></span> 
     </span>
     <span class='ocr_line' id='line_1_5' title="bbox 310 974 1342 1070; baseline 0 -26"><span class='ocrx_word' id='word_1_24' title='bbox 310 1001 441 1068; x_wconf 84' lang='lat' dir='ltr'><strong>gressus.</strong></span> <span class='ocrx_word' id='word_1_25' title='bbox 466 979 568 1044; x_wconf 79' lang='lat' dir='ltr'><strong>Erant</strong></span> <span class='ocrx_word' id='word_1_26' title='bbox 587 979 621 1043; x_wconf 92' lang='lat' dir='ltr'><strong>in</strong></span> <span class='ocrx_word' id='word_1_27' title='bbox 643 975 725 1059; x_wconf 87' lang='lat' dir='ltr'><strong>illis,</strong></span> <span class='ocrx_word' id='word_1_28' title='bbox 748 994 786 1042; x_wconf 88' lang='lat' dir='ltr'><strong>ut</strong></span> <span class='ocrx_word' id='word_1_29' title='bbox 803 975 858 1060; x_wconf 85' lang='lat' dir='ltr'><strong>lit,</strong></span> <span class='ocrx_word' id='word_1_30' title='bbox 881 974 1032 1042; x_wconf 80' lang='lat' dir='ltr'><strong>nonnulli</strong></span> <span class='ocrx_word' id='word_1_31' title='bbox 1049 978 1194 1043; x_wconf 79' lang='lat' dir='ltr'><strong>tardioris</strong></span> <span class='ocrx_word' id='word_1_32' title='bbox 1212 979 1342 1070; x_wconf 78' lang='lat' dir='ltr'><strong>ingenii3</strong></span> 
     </span>
     <span class='ocr_line' id='line_1_6' title="bbox 310 1086 1345 1180; baseline -0.001 -24"><span class='ocrx_word' id='word_1_33' title='bbox 310 1091 365 1156; x_wconf 90' lang='lat' dir='ltr'><strong>sed</strong></span> <span class='ocrx_word' id='word_1_34' title='bbox 379 1114 485 1180; x_wconf 87' lang='lat' dir='ltr'><strong>neque</strong></span> <span class='ocrx_word' id='word_1_35' title='bbox 503 1093 634 1173; x_wconf 79' lang='lat' dir='ltr'><strong>meteri,</strong></span> <span class='ocrx_word' id='word_1_36' title='bbox 659 1089 778 1178; x_wconf 89' lang='lat' dir='ltr'><strong>quihus</strong></span> <span class='ocrx_word' id='word_1_37' title='bbox 797 1086 967 1178; x_wconf 77' lang='lat' dir='ltr'><strong>benignior</strong></span> <span class='ocrx_word' id='word_1_38' title='bbox 987 1087 1091 1154; x_wconf 72' lang='lat' dir='ltr'><strong>lirant</strong></span> <span class='ocrx_word' id='word_1_39' title='bbox 1108 1106 1242 1172; x_wconf 64' lang='lat' dir='ltr'><strong>maura,</strong></span> <span class='ocrx_word' id='word_1_40' title='bbox 1255 1087 1345 1155; x_wconf 85' lang='lat' dir='ltr'><strong>rnul-</strong></span> 
     </span>
     <span class='ocr_line' id='line_1_7' title="bbox 310 1199 1341 1290; baseline 0.001 -24"><span class='ocrx_word' id='word_1_41' title='bbox 310 1219 381 1268; x_wconf 89' lang='lat' dir='ltr'><strong>tum</strong></span> <span class='ocrx_word' id='word_1_42' title='bbox 401 1201 618 1290; x_wconf 88' lang='lat' dir='ltr'><strong>proficiebant.</strong></span> <span class='ocrx_word' id='word_1_43' title='bbox 644 1199 782 1266; x_wconf 88' lang='lat' dir='ltr'><strong>Dolehat</strong></span> <span class='ocrx_word' id='word_1_44' title='bbox 800 1200 862 1266; x_wconf 91' lang='lat' dir='ltr'><strong>hoc</strong></span> <span class='ocrx_word' id='word_1_45' title='bbox 871 1200 1096 1266; x_wconf 85' lang='lat' dir='ltr'><strong>Limhorchius</strong></span> <span class='ocrx_word' id='word_1_46' title='bbox 1108 1216 1141 1266; x_wconf 86' lang='lat' dir='ltr'><strong>et</strong></span> <span class='ocrx_word' id='word_1_47' title='bbox 1152 1201 1341 1267; x_wconf 73' lang='lat' dir='ltr'><strong>mirahatur.</strong></span> 
     </span>
     <span class='ocr_line' id='line_1_8' title="bbox 310 1311 1344 1404; baseline 0.004 -26"><span class='ocrx_word' id='word_1_48' title='bbox 310 1315 455 1380; x_wconf 84' lang='lat' dir='ltr'><strong>Tandem</strong></span> <span class='ocrx_word' id='word_1_49' title='bbox 485 1317 530 1378; x_wconf 89' lang='lat' dir='ltr'><strong>rei</strong></span> <span class='ocrx_word' id='word_1_50' title='bbox 559 1337 684 1380; x_wconf 84' lang='lat' dir='ltr'><strong>causam</strong></span> <span class='ocrx_word' id='word_1_51' title='bbox 705 1313 864 1404; x_wconf 78' lang='lat' dir='ltr'><strong>cognovit.</strong></span> <span class='ocrx_word' id='word_1_52' title='bbox 911 1311 1035 1380; x_wconf 89' lang='lat' dir='ltr'><strong>Scilicet</strong></span> <span class='ocrx_word' id='word_1_53' title='bbox 1059 1314 1190 1380; x_wconf 76' lang='lat' dir='ltr'><strong>videbat</strong></span> <span class='ocrx_word' id='word_1_54' title='bbox 1214 1319 1344 1403; x_wconf 80' lang='lat' dir='ltr'><strong>juvenes</strong></span> 
     </span>
     <span class='ocr_line' id='line_1_9' title="bbox 308 1424 1402 1518; baseline 0.003 -26"><span class='ocrx_word' id='word_1_55' title='bbox 308 1428 446 1518; x_wconf 79' lang='lat' dir='ltr'><strong>magistri</strong></span> <span class='ocrx_word' id='word_1_56' title='bbox 473 1425 680 1514; x_wconf 76' lang='lat' dir='ltr'><strong>explicatione</strong></span> <span class='ocrx_word' id='word_1_57' title='bbox 706 1441 870 1490; x_wconf 84' lang='lat' dir='ltr'><strong>contentos</strong></span> <span class='ocrx_word' id='word_1_58' title='bbox 896 1424 983 1490; x_wconf 83' lang='lat' dir='ltr'><strong>horis</strong></span> <span class='ocrx_word' id='word_1_59' title='bbox 1006 1428 1139 1516; x_wconf 88' lang='lat' dir='ltr'><strong>quidem</strong></span> <span class='ocrx_word' id='word_1_60' title='bbox 1165 1432 1288 1495; x_wconf 79' lang='lat' dir='ltr'><strong>stamtis</strong></span> <span class='ocrx_word' id='word_1_61' title='bbox 1307 1432 1343 1494; x_wconf 93' lang='lat' dir='ltr'><strong>in</strong></span> <span class='ocrx_word' id='word_1_62' title='bbox 1398 1442 1402 1448; x_wconf 82' lang='lat'>&#39;</span> 
     </span>
     <span class='ocr_line' id='line_1_10' title="bbox 308 1537 1342 1632; baseline 0.001 -27"><span class='ocrx_word' id='word_1_63' title='bbox 308 1538 463 1606; x_wconf 82' lang='lat' dir='ltr'><strong>subselliis</strong></span> <span class='ocrx_word' id='word_1_64' title='bbox 494 1540 671 1618; x_wconf 89' lang='lat' dir='ltr'><strong>considere,</strong></span> <span class='ocrx_word' id='word_1_65' title='bbox 708 1539 795 1604; x_wconf 92' lang='lat' dir='ltr'><strong>domi</strong></span> <span class='ocrx_word' id='word_1_66' title='bbox 830 1561 906 1605; x_wconf 79' lang='lat' dir='ltr'><strong>vero</strong></span> <span class='ocrx_word' id='word_1_67' title='bbox 936 1537 1026 1606; x_wconf 88' lang='lat' dir='ltr'><strong>libris</strong></span> <span class='ocrx_word' id='word_1_68' title='bbox 1060 1538 1201 1628; x_wconf 84' lang='lat' dir='ltr'><strong>sepositis</strong></span> <span class='ocrx_word' id='word_1_69' title='bbox 1235 1561 1342 1632; x_wconf 77' lang='lat' dir='ltr'><strong>neque</strong></span> 
     </span>
     <span class='ocr_line' id='line_1_11' title="bbox 308 1650 1342 1742; baseline 0.002 -24"><span class='ocrx_word' id='word_1_70' title='bbox 308 1651 435 1730; x_wconf 82' lang='lat' dir='ltr'><strong>lectioni</strong></span> <span class='ocrx_word' id='word_1_71' title='bbox 463 1677 568 1742; x_wconf 85' lang='lat' dir='ltr'><strong>neque</strong></span> <span class='ocrx_word' id='word_1_72' title='bbox 596 1650 793 1720; x_wconf 71' lang='lat' dir='ltr'><strong>meditationi</strong></span> <span class='ocrx_word' id='word_1_73' title='bbox 821 1650 1024 1735; x_wconf 79' lang='lat' dir='ltr'><strong>incumbere,</strong></span> <span class='ocrx_word' id='word_1_74' title='bbox 1045 1654 1249 1721; x_wconf 84' lang='lat' dir='ltr'><strong>institutionis</strong></span> <span class='ocrx_word' id='word_1_75' title='bbox 1268 1679 1342 1720; x_wconf 76' lang='lat' dir='ltr'><strong>mae</strong></span> 
     </span>
     <span class='ocr_line' id='line_1_12' title="bbox 308 1764 1342 1856; baseline 0.003 -26"><span class='ocrx_word' id='word_1_76' title='bbox 308 1789 419 1832; x_wconf 87' lang='lat' dir='ltr'><strong>euram</strong></span> <span class='ocrx_word' id='word_1_77' title='bbox 445 1789 540 1854; x_wconf 87' lang='lat' dir='ltr'><strong>penes</strong></span> <span class='ocrx_word' id='word_1_78' title='bbox 564 1764 808 1832; x_wconf 86' lang='lat' dir='ltr'><strong>Limhorchiurn</strong></span> <span class='ocrx_word' id='word_1_79' title='bbox 833 1787 897 1831; x_wconf 84' lang='lat' dir='ltr'><strong>esse</strong></span> <span class='ocrx_word' id='word_1_80' title='bbox 912 1781 1013 1846; x_wconf 75' lang='lat' dir='ltr'><strong>ratos3</strong></span> <span class='ocrx_word' id='word_1_81' title='bbox 1041 1767 1138 1856; x_wconf 82' lang='lat' dir='ltr'><strong>igitur</strong></span> <span class='ocrx_word' id='word_1_82' title='bbox 1163 1789 1223 1832; x_wconf 90' lang='lat' dir='ltr'><strong>nec</strong></span> <span class='ocrx_word' id='word_1_83' title='bbox 1239 1770 1342 1856; x_wconf 76' lang='lat' dir='ltr'><strong>parati</strong></span> 
     </span>
     <span class='ocr_line' id='line_1_13' title="bbox 308 1876 1471 1968; baseline 0.001 -25"><span class='ocrx_word' id='word_1_84' title='bbox 308 1881 342 1943; x_wconf 93' lang='lat' dir='ltr'><strong>in</strong></span> <span class='ocrx_word' id='word_1_85' title='bbox 362 1876 505 1945; x_wconf 87' lang='lat' dir='ltr'><strong>scholam</strong></span> <span class='ocrx_word' id='word_1_86' title='bbox 519 1877 709 1960; x_wconf 82' lang='lat' dir='ltr'><strong>veniebant,</strong></span> <span class='ocrx_word' id='word_1_87' title='bbox 729 1901 789 1942; x_wconf 89' lang='lat' dir='ltr'><strong>nee</strong></span> <span class='ocrx_word' id='word_1_88' title='bbox 807 1901 891 1966; x_wconf 84' lang='lat' dir='ltr'><strong>qtrae</strong></span> <span class='ocrx_word' id='word_1_89' title='bbox 910 1877 1076 1944; x_wconf 82' lang='lat' dir='ltr'><strong>audierant</strong></span> <span class='ocrx_word' id='word_1_90' title='bbox 1093 1901 1202 1944; x_wconf 78' lang='lat' dir='ltr'><strong>sectam</strong></span> <span class='ocrx_word' id='word_1_91' title='bbox 1219 1897 1342 1968; x_wconf 80' lang='lat' dir='ltr'><strong>repete·</strong></span> <span class='ocrx_word' id='word_1_92' title='bbox 1470 1958 1471 1967; x_wconf 9' lang='grc' dir='ltr'>χ</span> 
     </span>
     <span class='ocr_line' id='line_1_14' title="bbox 307 1988 1471 2082; baseline 0.002 -25"><span class='ocrx_word' id='word_1_93' title='bbox 307 1991 405 2072; x_wconf 76' lang='lat' dir='ltr'><strong>haur,</strong></span> <span class='ocrx_word' id='word_1_94' title='bbox 427 1993 532 2082; x_wconf 82' lang='lat' dir='ltr'><strong>ignavi</strong></span> <span class='ocrx_word' id='word_1_95' title='bbox 549 1993 620 2056; x_wconf 88' lang='lat' dir='ltr'><strong>satis</strong></span> <span class='ocrx_word' id='word_1_96' title='bbox 641 1991 773 2056; x_wconf 88' lang='lat' dir='ltr'><strong>omnino</strong></span> <span class='ocrx_word' id='word_1_97' title='bbox 789 1988 909 2056; x_wconf 80' lang='lat' dir='ltr'><strong>laboris</strong></span> <span class='ocrx_word' id='word_1_98' title='bbox 927 1988 1035 2056; x_wconf 77' lang='lat' dir='ltr'><strong>tulisse</strong></span> <span class='ocrx_word' id='word_1_99' title='bbox 1051 1990 1113 2058; x_wconf 71' lang='lat' dir='ltr'><strong>sihi</strong></span> <span class='ocrx_word' id='word_1_100' title='bbox 1128 1991 1339 2074; x_wconf 74' lang='lat' dir='ltr'><strong>videhantnr3</strong></span> <span class='ocrx_word' id='word_1_101' title='bbox 1470 2018 1471 2041; x_wconf 82' lang='lat'>³</span> 
     </span>
     <span class='ocr_line' id='line_1_15' title="bbox 308 2101 1341 2193; baseline 0.003 -25"><span class='ocrx_word' id='word_1_102' title='bbox 308 2101 518 2193; x_wconf 75' lang='lat' dir='ltr'><strong>diligentiores</strong></span> <span class='ocrx_word' id='word_1_103' title='bbox 535 2104 622 2168; x_wconf 90' lang='lat' dir='ltr'><strong>domi</strong></span> <span class='ocrx_word' id='word_1_104' title='bbox 642 2103 774 2192; x_wconf 86' lang='lat' dir='ltr'><strong>quidem</strong></span> <span class='ocrx_word' id='word_1_105' title='bbox 792 2127 861 2170; x_wconf 90' lang='lat' dir='ltr'><strong>nou</strong></span> <span class='ocrx_word' id='word_1_106' title='bbox 877 2101 973 2190; x_wconf 83' lang='lat' dir='ltr'><strong>plane</strong></span> <span class='ocrx_word' id='word_1_107' title='bbox 995 2104 1114 2170; x_wconf 84' lang='lat' dir='ltr'><strong>desides</strong></span> <span class='ocrx_word' id='word_1_108' title='bbox 1132 2123 1242 2187; x_wconf 83' lang='lat' dir='ltr'><strong>erant,</strong></span> <span class='ocrx_word' id='word_1_109' title='bbox 1256 2123 1341 2171; x_wconf 80' lang='lat' dir='ltr'><strong>atta·-</strong></span> 
     </span>
     <span class='ocr_line' id='line_1_16' title="bbox 306 2213 1340 2306; baseline 0.007 -25"><span class='ocrx_word' id='word_1_110' title='bbox 306 2237 381 2283; x_wconf 86' lang='lat' dir='ltr'><strong>men</strong></span> <span class='ocrx_word' id='word_1_111' title='bbox 408 2213 631 2303; x_wconf 85' lang='lat' dir='ltr'><strong>philosophicis</strong></span> <span class='ocrx_word' id='word_1_112' title='bbox 652 2217 715 2280; x_wconf 92' lang='lat' dir='ltr'><strong>istis</strong></span> <span class='ocrx_word' id='word_1_113' title='bbox 733 2218 806 2282; x_wconf 86' lang='lat' dir='ltr'><strong>satis</strong></span> <span class='ocrx_word' id='word_1_114' title='bbox 823 2239 984 2306; x_wconf 78' lang='lat' dir='ltr'><strong>superque</strong></span> <span class='ocrx_word' id='word_1_115' title='bbox 1000 2240 1032 2282; x_wconf 91' lang='lat' dir='ltr'><strong>se</strong></span> <span class='ocrx_word' id='word_1_116' title='bbox 1052 2218 1210 2287; x_wconf 81' lang='lat' dir='ltr'><strong>insudasse</strong></span> <span class='ocrx_word' id='word_1_117' title='bbox 1228 2221 1340 2288; x_wconf 86' lang='lat' dir='ltr'><strong>erede·</strong></span> 
     </span>
     <span class='ocr_line' id='line_1_17' title="bbox 305 2327 1338 2411; baseline 0.001 -14"><span class='ocrx_word' id='word_1_118' title='bbox 305 2327 406 2410; x_wconf 80' lang='lat' dir='ltr'><strong>hant;</strong></span> <span class='ocrx_word' id='word_1_119' title='bbox 425 2345 513 2394; x_wconf 80' lang='lat' dir='ltr'><strong>extra</strong></span> <span class='ocrx_word' id='word_1_120' title='bbox 533 2327 675 2396; x_wconf 88' lang='lat' dir='ltr'><strong>scholam</strong></span> <span class='ocrx_word' id='word_1_121' title='bbox 696 2327 777 2409; x_wconf 78' lang='lat' dir='ltr'><strong>alia,</strong></span> <span class='ocrx_word' id='word_1_122' title='bbox 799 2353 901 2408; x_wconf 86' lang='lat' dir='ltr'><strong>nova,</strong></span> <span class='ocrx_word' id='word_1_123' title='bbox 928 2328 1134 2411; x_wconf 84' lang='lat' dir='ltr'><strong>sublimiora,</strong></span> <span class='ocrx_word' id='word_1_124' title='bbox 1158 2335 1338 2400; x_wconf 83' lang='lat' dir='ltr'><strong>amoeniora</strong></span> 
     </span>
    </p>
   </div>
   <div class='ocr_carea' id='block_1_3' title="bbox 306 2422 1472 2536">
    <p class='ocr_par' dir='ltr' id='par_1_3' title="bbox 306 2422 1472 2536">
     <span class='ocr_line' id='line_1_18' title="bbox 306 2422 1472 2536; baseline 0.005 -30"><span class='ocrx_word' id='word_1_125' title='bbox 306 2441 516 2510; x_wconf 60' lang='lat' dir='ltr'><strong>tenuantur.</strong></span> <span class='ocrx_word' id='word_1_126' title='bbox 564 2444 651 2525; x_wconf 76' lang='lat' dir='ltr'><strong>ona</strong></span> <span class='ocrx_word' id='word_1_127' title='bbox 680 2441 797 2508; x_wconf 64' lang='lat' dir='ltr'><strong>soem</strong></span> <span class='ocrx_word' id='word_1_128' title='bbox 817 2442 985 2532; x_wconf 45' lang='lat' dir='ltr'><strong>metat</strong></span> <span class='ocrx_word' id='word_1_129' title='bbox 1021 2441 1100 2509; x_wconf 71' lang='lat' dir='ltr'><strong>aas</strong></span> <span class='ocrx_word' id='word_1_130' title='bbox 1118 2444 1339 2536; x_wconf 80' lang='lat' dir='ltr'><strong>objurgatione</strong></span> <span class='ocrx_word' id='word_1_131' title='bbox 1471 2422 1472 2447; x_wconf 60' lang='lat'>³</span> 
     </span>
    </p>
   </div>
   <div class='ocr_carea' id='block_1_4' title="bbox 305 2554 1339 2758">
    <p class='ocr_par' dir='ltr' id='par_1_4' title="bbox 305 2554 1339 2758">
     <span class='ocr_line' id='line_1_19' title="bbox 306 2554 1339 2644; baseline 0.004 -25"><span class='ocrx_word' id='word_1_132' title='bbox 306 2554 387 2620; x_wconf 92' lang='lat' dir='ltr'><strong>nihil</strong></span> <span class='ocrx_word' id='word_1_133' title='bbox 419 2581 451 2620; x_wconf 87' lang='lat' dir='ltr'><strong>se</strong></span> <span class='ocrx_word' id='word_1_134' title='bbox 480 2555 700 2644; x_wconf 79' lang='lat' dir='ltr'><strong>profecturum</strong></span> <span class='ocrx_word' id='word_1_135' title='bbox 726 2554 893 2634; x_wconf 80' lang='lat' dir='ltr'><strong>credebat,</strong></span> <span class='ocrx_word' id='word_1_136' title='bbox 915 2556 969 2622; x_wconf 87' lang='lat' dir='ltr'><strong>sed</strong></span> <span class='ocrx_word' id='word_1_137' title='bbox 994 2555 1158 2623; x_wconf 83' lang='lat' dir='ltr'><strong>sihlande</strong></span> <span class='ocrx_word' id='word_1_138' title='bbox 1177 2573 1209 2622; x_wconf 86' lang='lat' dir='ltr'><strong>et</strong></span> <span class='ocrx_word' id='word_1_139' title='bbox 1226 2559 1339 2623; x_wconf 85' lang='lat' dir='ltr'><strong>dextre</strong></span> 
     </span>
     <span class='ocr_line' id='line_1_20' title="bbox 305 2666 1338 2758; baseline 0.005 -26"><span class='ocrx_word' id='word_1_140' title='bbox 305 2667 649 2758; x_wconf 81' lang='lat' dir='ltr'><strong>discipulos&#39;dirigeret.</strong></span> <span class='ocrx_word' id='word_1_141' title='bbox 698 2667 815 2734; x_wconf 85' lang='lat' dir='ltr'><strong>Coram</strong></span> <span class='ocrx_word' id='word_1_142' title='bbox 833 2666 896 2734; x_wconf 92' lang='lat' dir='ltr'><strong>illis</strong></span> <span class='ocrx_word' id='word_1_143' title='bbox 913 2667 1011 2734; x_wconf 86' lang='lat' dir='ltr'><strong>aliam</strong></span> <span class='ocrx_word' id='word_1_144' title='bbox 1027 2693 1059 2735; x_wconf 87' lang='lat' dir='ltr'><strong>se</strong></span> <span class='ocrx_word' id='word_1_145' title='bbox 1077 2669 1194 2736; x_wconf 87' lang='lat' dir='ltr'><strong>dehinc</strong></span> <span class='ocrx_word' id='word_1_146' title='bbox 1211 2672 1338 2737; x_wconf 84' lang='lat' dir='ltr'><strong>metho-</strong></span> 
     </span>
    </p>
   </div>
   <div class='ocr_carea' id='block_1_5' title="bbox 305 2778 1473 2871">
    <p class='ocr_par' dir='ltr' id='par_1_5' title="bbox 305 2778 1473 2871">
     <span class='ocr_line' id='line_1_21' title="bbox 305 2778 1473 2871; baseline 0.001 -25"><span class='ocrx_word' id='word_1_147' title='bbox 305 2781 384 2848; x_wconf 87' lang='lat' dir='ltr'><strong>dum</strong></span> <span class='ocrx_word' id='word_1_148' title='bbox 410 2783 498 2871; x_wconf 89' lang='lat' dir='ltr'><strong>sequi</strong></span> <span class='ocrx_word' id='word_1_149' title='bbox 522 2778 605 2846; x_wconf 87' lang='lat' dir='ltr'><strong>velle</strong></span> <span class='ocrx_word' id='word_1_150' title='bbox 633 2779 820 2869; x_wconf 78' lang='lat' dir='ltr'><strong>profitetur3</strong></span> <span class='ocrx_word' id='word_1_151' title='bbox 849 2779 901 2846; x_wconf 91' lang='lat' dir='ltr'><strong>vel</strong></span> <span class='ocrx_word' id='word_1_152' title='bbox 924 2783 1031 2871; x_wconf 90' lang='lat' dir='ltr'><strong>potius</strong></span> <span class='ocrx_word' id='word_1_153' title='bbox 1053 2805 1085 2847; x_wconf 89' lang='lat' dir='ltr'><strong>se</strong></span> <span class='ocrx_word' id='word_1_154' title='bbox 1107 2782 1169 2848; x_wconf 91' lang='lat' dir='ltr'><strong>hoc</strong></span> <span class='ocrx_word' id='word_1_155' title='bbox 1204 2784 1337 2850; x_wconf 90' lang='lat' dir='ltr'><strong>docendi</strong></span> <span class='ocrx_word' id='word_1_156' title='bbox 1472 2816 1473 2861; x_wconf 64' lang='lat'>;</span> 
     </span>
    </p>
   </div>
   <div class='ocr_carea' id='block_1_6' title="bbox 298 2891 1338 4343">
    <p class='ocr_par' dir='ltr' id='par_1_6' title="bbox 298 2891 1338 4343">
     <span class='ocr_line' id='line_1_22' title="bbox 303 2891 1338 2984; baseline 0 -21"><span class='ocrx_word' id='word_1_157' title='bbox 303 2916 421 2963; x_wconf 78' lang='lat' dir='ltr'><strong>munus</strong></span> <span class='ocrx_word' id='word_1_158' title='bbox 441 2918 518 2962; x_wconf 90' lang='lat' dir='ltr'><strong>cum</strong></span> <span class='ocrx_word' id='word_1_159' title='bbox 533 2895 608 2982; x_wconf 83' lang='lat' dir='ltr'><strong>ipsis</strong></span> <span class='ocrx_word' id='word_1_160' title='bbox 627 2891 709 2962; x_wconf 85' lang='lat' dir='ltr'><strong>velle</strong></span> <span class='ocrx_word' id='word_1_161' title='bbox 730 2915 901 2962; x_wconf 81' lang='lat' dir='ltr'><strong>commune</strong></span> <span class='ocrx_word' id='word_1_162' title='bbox 919 2893 1137 2984; x_wconf 79' lang='lat' dir='ltr'><strong>hahere;·ipsi</strong></span> <span class='ocrx_word' id='word_1_163' title='bbox 1154 2897 1242 2961; x_wconf 89' lang='lat' dir='ltr'><strong>domi</strong></span> <span class='ocrx_word' id='word_1_164' title='bbox 1255 2896 1338 2963; x_wconf 70' lang='lat' dir='ltr'><strong>Gas—</strong></span> 
     </span>
     <span class='ocr_line' id='line_1_23' title="bbox 303 3006 1338 3099; baseline 0.002 -26"><span class='ocrx_word' id='word_1_165' title='bbox 303 3008 438 3076; x_wconf 85' lang='lat' dir='ltr'><strong>sendum</strong></span> <span class='ocrx_word' id='word_1_166' title='bbox 456 3006 581 3097; x_wconf 82' lang='lat' dir='ltr'><strong>legant,</strong></span> <span class='ocrx_word' id='word_1_167' title='bbox 598 3018 635 3072; x_wconf 78' lang='lat' dir='ltr'><strong>s‘e</strong></span> <span class='ocrx_word' id='word_1_168' title='bbox 653 3029 784 3095; x_wconf 85' lang='lat' dir='ltr'><strong>quoque</strong></span> <span class='ocrx_word' id='word_1_169' title='bbox 802 3007 865 3072; x_wconf 89' lang='lat' dir='ltr'><strong>hoc</strong></span> <span class='ocrx_word' id='word_1_170' title='bbox 883 3006 1061 3089; x_wconf 69' lang='lat' dir='ltr'><strong>facturum</strong></span> <span class='ocrx_word' id='word_1_171' title='bbox 1083 3007 1240 3074; x_wconf 81' lang='lat' dir='ltr'><strong>insehola</strong></span> <span class='ocrx_word' id='word_1_172' title='bbox 1253 3034 1338 3099; x_wconf 87' lang='lat' dir='ltr'><strong>quo-</strong></span> 
     </span>
     <span class='ocr_line' id='line_1_24' title="bbox 304 3118 1337 3211; baseline 0.002 -24"><span class='ocrx_word' id='word_1_173' title='bbox 304 3122 379 3187; x_wconf 85' lang='lat' dir='ltr'><strong>tidie</strong></span> <span class='ocrx_word' id='word_1_174' title='bbox 397 3119 555 3210; x_wconf 85' lang='lat' dir='ltr'><strong>colloquia</strong></span> <span class='ocrx_word' id='word_1_175' title='bbox 574 3121 616 3186; x_wconf 89' lang='lat' dir='ltr'><strong>de</strong></span> <span class='ocrx_word' id='word_1_176' title='bbox 636 3122 672 3184; x_wconf 87' lang='lat' dir='ltr'><strong>iis</strong></span> <span class='ocrx_word' id='word_1_177' title='bbox 691 3143 775 3210; x_wconf 75' lang='lat' dir='ltr'><strong>qtne</strong></span> <span class='ocrx_word' id='word_1_178' title='bbox 798 3118 943 3211; x_wconf 82' lang='lat' dir='ltr'><strong>legissent</strong></span> <span class='ocrx_word' id='word_1_179' title='bbox 964 3141 997 3184; x_wconf 82' lang='lat' dir='ltr'><strong>se</strong></span> <span class='ocrx_word' id='word_1_180' title='bbox 1014 3122 1197 3205; x_wconf 60' lang='lat' dir='ltr'><strong>habituram</strong></span> <span class='ocrx_word' id='word_1_181' title='bbox 1218 3126 1337 3211; x_wconf 81' lang='lat' dir='ltr'><strong>primas</strong></span> 
     </span>
     <span class='ocr_line' id='line_1_25' title="bbox 303 3232 1337 3327; baseline 0.004 -29"><span class='ocrx_word' id='word_1_182' title='bbox 303 3251 406 3322; x_wconf 87' lang='lat' dir='ltr'><strong>partes</strong></span> <span class='ocrx_word' id='word_1_183' title='bbox 433 3234 494 3302; x_wconf 89' lang='lat' dir='ltr'><strong>sihi</strong></span> <span class='ocrx_word' id='word_1_184' title='bbox 520 3233 683 3323; x_wconf 79' lang='lat' dir='ltr'><strong>professori</strong></span> <span class='ocrx_word' id='word_1_185' title='bbox 707 3232 834 3316; x_wconf 85' lang='lat' dir='ltr'><strong>deberi,</strong></span> <span class='ocrx_word' id='word_1_186' title='bbox 857 3256 889 3298; x_wconf 82' lang='lat' dir='ltr'><strong>se</strong></span> <span class='ocrx_word' id='word_1_187' title='bbox 911 3235 1009 3324; x_wconf 87' lang='lat' dir='ltr'><strong>igitur</strong></span> <span class='ocrx_word' id='word_1_188' title='bbox 1030 3251 1218 3326; x_wconf 86' lang='lat' dir='ltr'><strong>rogaturum</strong></span> <span class='ocrx_word' id='word_1_189' title='bbox 1238 3253 1337 3327; x_wconf 80' lang='lat' dir='ltr'><strong>atque</strong></span> 
     </span>
     <span class='ocr_line' id='line_1_26' title="bbox 302 3345 1333 3436; baseline 0.002 -24"><span class='ocrx_word' id='word_1_190' title='bbox 302 3350 575 3427; x_wconf 66' lang='lat' dir='ltr'><strong>examinaturumt</strong></span> <span class='ocrx_word' id='word_1_191' title='bbox 605 3347 691 3426; x_wconf 88' lang='lat' dir='ltr'><strong>dein,</strong></span> <span class='ocrx_word' id='word_1_192' title='bbox 712 3348 736 3411; x_wconf 90' lang='lat' dir='ltr'><strong>si</strong></span> <span class='ocrx_word' id='word_1_193' title='bbox 757 3346 836 3436; x_wconf 78' lang='lat' dir='ltr'><strong>quid</strong></span> <span class='ocrx_word' id='word_1_194' title='bbox 854 3345 1027 3412; x_wconf 80' lang='lat' dir='ltr'><strong>obscurum</strong></span> <span class='ocrx_word' id='word_1_195' title='bbox 1047 3365 1124 3412; x_wconf 88' lang='lat' dir='ltr'><strong>esset</strong></span> <span class='ocrx_word' id='word_1_196' title='bbox 1142 3347 1333 3432; x_wconf 83' lang='lat' dir='ltr'><strong>dubiumve,</strong></span> 
     </span>
     <span class='ocr_line' id='line_1_27' title="bbox 301 3443 1335 3552; baseline 0.002 -26"><span class='ocrx_word' id='word_1_197' title='bbox 301 3462 363 3548; x_wconf 84' lang='lat' dir='ltr'><strong>ipsi</strong></span> <span class='ocrx_word' id='word_1_198' title='bbox 388 3463 573 3552; x_wconf 83' lang='lat' dir='ltr'><strong>magistrtun</strong></span> <span class='ocrx_word' id='word_1_199' title='bbox 599 3462 846 3549; x_wconf 83' lang='lat' dir='ltr'><strong>interrogarent,</strong></span> <span class='ocrx_word' id='word_1_200' title='bbox 874 3484 934 3548; x_wconf 91' lang='lat' dir='ltr'><strong>pro</strong></span> <span class='ocrx_word' id='word_1_201' title='bbox 953 3462 1076 3527; x_wconf 82' lang='lat' dir='ltr'><strong>viribus</strong></span> <span class='ocrx_word' id='word_1_202' title='bbox 1094 3488 1127 3528; x_wconf 89' lang='lat' dir='ltr'><strong>se</strong></span> <span class='ocrx_word' id='word_1_203' title='bbox 1146 3443 1335 3551; x_wconf 84' lang='lat' dir='ltr'><strong>respondere</strong></span> 
     </span>
     <span class='ocr_line' id='line_1_28' title="bbox 301 3570 1335 3662; baseline 0.003 -23"><span class='ocrx_word' id='word_1_204' title='bbox 301 3591 449 3662; x_wconf 84' lang='lat' dir='ltr'><strong>paratum</strong></span> <span class='ocrx_word' id='word_1_205' title='bbox 472 3572 555 3642; x_wconf 76' lang='lat' dir='ltr'><strong>iore.</strong></span> <span class='ocrx_word' id='word_1_206' title='bbox 602 3570 811 3638; x_wconf 80' lang='lat' dir='ltr'><strong>praevidebat</strong></span> <span class='ocrx_word' id='word_1_207' title='bbox 833 3574 878 3636; x_wconf 90' lang='lat' dir='ltr'><strong>sic</strong></span> <span class='ocrx_word' id='word_1_208' title='bbox 902 3595 1030 3657; x_wconf 77' lang='lat' dir='ltr'><strong>omnes,</strong></span> <span class='ocrx_word' id='word_1_209' title='bbox 1055 3576 1116 3640; x_wconf 90' lang='lat' dir='ltr'><strong>nisi</strong></span> <span class='ocrx_word' id='word_1_210' title='bbox 1138 3574 1276 3643; x_wconf 77' lang='lat' dir='ltr'><strong>aliorum</strong></span> <span class='ocrx_word' id='word_1_211' title='bbox 1301 3599 1335 3642; x_wconf 87' lang='lat' dir='ltr'><strong>se</strong></span> 
     </span>
     <span class='ocr_line' id='line_1_29' title="bbox 301 3683 1331 3778; baseline 0 -24"><span class='ocrx_word' id='word_1_212' title='bbox 301 3687 400 3760; x_wconf 83' lang='lat' dir='ltr'><strong>sibilis</strong></span> <span class='ocrx_word' id='word_1_213' title='bbox 417 3712 454 3754; x_wconf 88' lang='lat' dir='ltr'><strong>as</strong></span> <span class='ocrx_word' id='word_1_214' title='bbox 473 3688 577 3754; x_wconf 83' lang='lat' dir='ltr'><strong>sennis</strong></span> <span class='ocrx_word' id='word_1_215' title='bbox 597 3683 717 3752; x_wconf 87' lang='lat' dir='ltr'><strong>vellent</strong></span> <span class='ocrx_word' id='word_1_216' title='bbox 736 3708 911 3773; x_wconf 84' lang='lat' dir='ltr'><strong>exponere,</strong></span> <span class='ocrx_word' id='word_1_217' title='bbox 931 3685 1096 3778; x_wconf 82' lang='lat' dir='ltr'><strong>diligentes</strong></span> <span class='ocrx_word' id='word_1_218' title='bbox 1114 3711 1179 3754; x_wconf 86' lang='lat' dir='ltr'><strong>esse</strong></span> <span class='ocrx_word' id='word_1_219' title='bbox 1196 3689 1331 3770; x_wconf 78' lang='lat' dir='ltr'><strong>dehere3</strong></span> 
     </span>
     <span class='ocr_line' id='line_1_30' title="bbox 302 3797 1334 3891; baseline 0 -25"><span class='ocrx_word' id='word_1_220' title='bbox 302 3818 373 3868; x_wconf 87' lang='lat' dir='ltr'><strong>tum</strong></span> <span class='ocrx_word' id='word_1_221' title='bbox 391 3801 507 3866; x_wconf 88' lang='lat' dir='ltr'><strong>&#39;sensim</strong></span> <span class='ocrx_word' id='word_1_222' title='bbox 527 3797 653 3865; x_wconf 87' lang='lat' dir='ltr'><strong>lectioni</strong></span> <span class='ocrx_word' id='word_1_223' title='bbox 668 3799 928 3891; x_wconf 89' lang='lat' dir='ltr'><strong>meditationique</strong></span> <span class='ocrx_word' id='word_1_224' title='bbox 940 3818 1075 3866; x_wconf 87' lang='lat' dir='ltr'><strong>assuetos</strong></span> <span class='ocrx_word' id='word_1_225' title='bbox 1081 3799 1226 3866; x_wconf 79' lang='lat' dir='ltr'><strong>aliorum</strong></span> <span class='ocrx_word' id='word_1_226' title='bbox 1238 3804 1334 3867; x_wconf 82' lang='lat' dir='ltr'><strong>etiam</strong></span> 
     </span>
     <span class='ocr_line' id='line_1_31' title="bbox 301 3915 1332 4006; baseline -0.001 -24"><span class='ocrx_word' id='word_1_227' title='bbox 301 3915 583 4006; x_wconf 86' lang='lat' dir='ltr'><strong>philosophorum,</strong></span> <span class='ocrx_word' id='word_1_228' title='bbox 606 3915 825 4005; x_wconf 87' lang='lat' dir='ltr'><strong>antiquiorum</strong></span> <span class='ocrx_word' id='word_1_229' title='bbox 841 3917 1071 3996; x_wconf 87' lang='lat' dir='ltr'><strong>recentiorum,</strong></span> <span class='ocrx_word' id='word_1_230' title='bbox 1095 3915 1332 4005; x_wconf 70' lang='lat' dir='ltr'><strong>Cartaniprae·</strong></span> 
     </span>
     <span class='ocr_line' id='line_1_32' title="bbox 299 4019 1332 4121; baseline -0.001 -26"><span class='ocrx_word' id='word_1_231' title='bbox 299 4032 424 4112; x_wconf 83' lang='lat' dir='ltr'><strong>sertim,</strong></span> <span class='ocrx_word' id='word_1_232' title='bbox 442 4027 563 4117; x_wconf 89' lang='lat' dir='ltr'><strong>placitis</strong></span> <span class='ocrx_word' id='word_1_233' title='bbox 583 4030 649 4093; x_wconf 90' lang='lat' dir='ltr'><strong>sine</strong></span> <span class='ocrx_word' id='word_1_234' title='bbox 673 4045 873 4115; x_wconf 87' lang='lat' dir='ltr'><strong>praeceptore</strong></span> <span class='ocrx_word' id='word_1_235' title='bbox 895 4053 1023 4116; x_wconf 90' lang='lat' dir='ltr'><strong>operam</strong></span> <span class='ocrx_word' id='word_1_236' title='bbox 1044 4029 1183 4095; x_wconf 88' lang='lat' dir='ltr'><strong>daturos.</strong></span> <span class='ocrx_word' id='word_1_237' title='bbox 1209 4019 1332 4121; x_wconf 50' lang='lat' dir='ltr'><strong>&#39;Egre-</strong></span> 
     </span>
     <span class='ocr_line' id='line_1_33' title="bbox 298 4139 1332 4233; baseline 0.005 -29"><span class='ocrx_word' id='word_1_238' title='bbox 298 4145 350 4233; x_wconf 78' lang='lat' dir='ltr'><strong>gia</strong></span> <span class='ocrx_word' id='word_1_239' title='bbox 366 4139 505 4229; x_wconf 81' lang='lat' dir='ltr'><strong>proiecto</strong></span> <span class='ocrx_word' id='word_1_240' title='bbox 525 4140 712 4219; x_wconf 89' lang='lat' dir='ltr'><strong>methodus,</strong></span> <span class='ocrx_word' id='word_1_241' title='bbox 733 4165 817 4230; x_wconf 85' lang='lat' dir='ltr'><strong>quae</strong></span> <span class='ocrx_word' id='word_1_242' title='bbox 836 4159 942 4208; x_wconf 86' lang='lat' dir='ltr'><strong>tamen</strong></span> <span class='ocrx_word' id='word_1_243' title='bbox 963 4143 1006 4204; x_wconf 88' lang='lat' dir='ltr'><strong>ita</strong></span> <span class='ocrx_word' id='word_1_244' title='bbox 1026 4165 1109 4208; x_wconf 86' lang='lat' dir='ltr'><strong>nova</strong></span> <span class='ocrx_word' id='word_1_245' title='bbox 1129 4160 1227 4232; x_wconf 75' lang='lat' dir='ltr'><strong>atque</strong></span> <span class='ocrx_word' id='word_1_246' title='bbox 1246 4145 1332 4208; x_wconf 88' lang='lat' dir='ltr'><strong>inso-</strong></span> 
     </span>
     <span class='ocr_line' id='line_1_34' title="bbox 301 4252 1332 4343; baseline 0.004 -25"><span class='ocrx_word' id='word_1_247' title='bbox 301 4255 368 4319; x_wconf 88' lang='lat' dir='ltr'><strong>lens</strong></span> <span class='ocrx_word' id='word_1_248' title='bbox 387 4253 478 4318; x_wconf 88' lang='lat' dir='ltr'><strong>suisse</strong></span> <span class='ocrx_word' id='word_1_249' title='bbox 500 4252 626 4318; x_wconf 88' lang='lat' dir='ltr'><strong>videtur</strong></span> <span class='ocrx_word' id='word_1_250' title='bbox 650 4270 686 4317; x_wconf 89' lang='lat' dir='ltr'><strong>ut</strong></span> <span class='ocrx_word' id='word_1_251' title='bbox 710 4277 776 4316; x_wconf 92' lang='lat' dir='ltr'><strong>non</strong></span> <span class='ocrx_word' id='word_1_252' title='bbox 793 4255 851 4318; x_wconf 91' lang='lat' dir='ltr'><strong>nisi</strong></span> <span class='ocrx_word' id='word_1_253' title='bbox 867 4269 1052 4319; x_wconf 90' lang='lat' dir='ltr'><strong>cunctanter</strong></span> <span class='ocrx_word' id='word_1_254' title='bbox 1069 4259 1136 4342; x_wconf 85' lang='lat' dir='ltr'><strong>ejus</strong></span> <span class='ocrx_word' id='word_1_255' title='bbox 1151 4254 1332 4343; x_wconf 86' lang='lat' dir='ltr'><strong>perieulum</strong></span> 
     </span>
    </p>
   </div>
   <div class='ocr_carea' id='block_1_7' title="bbox 0 0 1484 5284">
    <p class='ocr_par' dir='ltr' id='par_1_7' title="bbox 0 0 1484 5284">
     <span class='ocr_line' id='line_1_35' title="bbox 0 0 1484 5284; baseline 0 5"><span class='ocrx_word' id='word_1_256' title='bbox 0 0 1484 5284; x_wconf 95' lang='lat' dir='ltr'><strong> </strong></span> 
     </span>
    </p>
   </div>
  </div>
 </body>
</html>
