2959 5284
566 495 743 560 ..35-

141 679 236 745 rebus
253 695 380 770 rogatus
398 701 431 742 se
449 679 660 744 immiscuerat
678 677 919 758 Limborehius„
945 678 1173 766 Frederioopo·

139 793 208 878 lin,
231 793 331 884 quam
351 792 467 858 urbem
485 793 519 856 in
540 791 679 858 Holsatia
694 791 902 858 condiderant
917 794 1175 859 Remonstrantes

139 904 282 985 exsules,
306 907 387 970 cirea
404 927 526 970 annum
548 905 636 971 1670
663 904 803 988 Qualreri
827 903 978 970 nonnulli
996 928 1035 970 ex
1055 901 1175 995 Anglia

141 1035 175 1083 et
199 1015 370 1084 Hollandia
396 1016 598 1106 appulerant.
653 1018 695 1084 Hi
719 1015 844 1108 aliquot
862 1018 1126 1083 Mennonitarum
1142 1031 1176 1080 et

140 1132 401 1197 Lutheranorum
427 1133 542 1215 socios,
569 1133 618 1195 uti
639 1147 671 1198 et
694 1131 829 1197 uiduam
848 1155 866 1195 e
882 1129 1176 1197 Remonsnantium

140 1259 254 1327 coetui,
278 1245 313 1308 in
331 1267 402 1308 suas
419 1259 522 1331 partes
545 1259 722 1308 traxerunt.
748 1243 925 1308 Lutlrerani
944 1244 1031 1331 apud
1050 1245 1175 1310 Ducem

141 1356 319 1442 Helcanae,
338 1358 556 1423 Christianum
574 1356 749 1423 eilbertum
758 1406 769 1438 ,
794 1358 836 1423 de
852 1358 1024 1423 hominnm
1043 1355 1176 1422 illorum

140 1471 274 1537 audacia
293 1473 394 1563 queri.
427 1471 500 1552 Hic,
521 1473 568 1536 510
587 1469 725 1561 Augusti
745 1470 797 1536 die
816 1472 894 1536 anni
919 1471 1006 1537 1673
1026 1470 1177 1556 rescripto

142 1585 186 1650 ad
210 1587 409 1677 magistratus
431 1585 755 1674 Fredericopclitanos
776 1587 889 1670 misso,
920 1587 1009 1676 jussit
1035 1601 1074 1649 ut
1089 1585 1179 1668 Qua-

142 1696 228 1764 keris
239 1716 348 1789 atque
375 1697 524 1764 omnibus
552 1700 610 1789 qui
631 1699 673 1764 ad
687 1697 760 1766 illos
780 1701 967 1765 transierant
985 1701 1110 1766 civitate
1126 1699 1179 1761 in-

144 1811 370 1894 terdiceretur3
405 1813 490 1876 idem
518 1812 641 1877 decimo
667 1827 739 1899 post
764 1813 817 1877 die
838 1811 938 1878 altero
955 1814 1105 1900 rescripto
1121 1809 1180 1874 fir·

119 1993 122 2002 ,
145 1925 257 1988 mavit.
313 1925 517 2015 Magistratus
541 1922 589 1988 illi
614 1925 871 1990 Remonstrantes
904 1939 1013 2003 erant,
1044 1921 1180 2010 ideoque

143 2035 206 2102 sibi
228 2033 377 2102 illicitum
398 2061 460 2102 esse
480 2035 665 2124 judicabant
685 2033 761 2100 alios
782 2034 940 2126 religionis
966 2059 1057 2102 causa
1078 2033 1182 2100 solici-

145 2167 223 2216 tare.
250 2145 304 2214 Ab
325 2140 423 2214 altera
439 2172 516 2214 vero
532 2164 622 2237 parte
642 2172 673 2212 se
694 2149 798 2228 Duoi,
820 2152 910 2237 cujus
930 2130 1030 2213 essent
1046 2147 1179 2231 subditi,

146 2284 307 2350 opponere
319 2259 405 2326 nefas
422 2259 591 2348 putabant.
616 2259 727 2323 Literis
736 2257 981 2327 Limborchium
995 2259 1178 2326 consulunt.

147 2376 281 2458 Hic,'re
302 2397 378 2438 cum
394 2371 518 2462 aliquot
535 2372 642 2436 amieis
660 2373 905 2455 communicata,
921 2375 966 2438 sic
980 2373 1094 2437 sensit:
1110 2371 1182 2437 illos

147 2486 291 2554 mandati
318 2485 415 2552 Ducis
440 2485 671 2549 exsecutionem
701 2485 733 2549 vi
763 2468 918 2572 impedire
946 2508 1014 2550 non
1045 2484 1181 2564 debere,

148 2603 232 2689 ipsos
257 2622 332 2665 vero
360 2596 446 2663 illud
470 2598 598 2687 exsequi
625 2620 692 2662 non
719 2621 828 2684 posse,
871 2597 940 2662 Deo
970 2599 1056 2662 enim
1085 2599 1184 2689 magis

148 2713 365 2780 obediendum
386 2733 449 2777 esse
478 2735 578 2800 quam
601 2709 798 2780 hominilius.
845 2710 963 2778 Suadet
986 2713 1084 2802 igitur
1100 2728 1139 2776 ut
1159 2713 1184 2776 si

98 2893 100 2898 ,
149 2849 235 2892 novo
256 2826 407 2911 rescripto
432 2847 501 2889 non
523 2840 697 2913 urgeantur
718 2823 871 2906 Qualeris
889 2823 1017 2889 nullam
1035 2824 1185 2890 facessant

149 2933 339 3002 molestiam.
384 2933 418 3001 Si
445 2957 521 2999 vero
548 2935 737 3000 mandatum
756 2951 911 3022 repeteret
933 2935 1027 3016 Dux,
1051 2938 1109 3024 ipsi
1134 2959 1186 3000 re·

148 3049 360 3140 sponderent:
376 3071 409 3113 se
426 3049 607 3135 provisuros
625 3071 666 3112 ne
676 3046 816 3131 Quakeri
831 3047 990 3113 civitatem
1003 3047 1184 3132 turbarent,

149 3164 187 3228 in
216 3161 311 3227 rebus
341 3183 416 3226 vero
439 3183 522 3249 quae
548 3158 732 3251 religionem
752 3177 893 3249 spectent
912 3177 944 3225 et
964 3163 1186 3226 conscientiam

149 3275 302 3340 violentia
318 3276 366 3340 uti
385 3297 452 3339 non
472 3297 577 3361 posse,
602 3289 723 3337 tantam
754 3272 847 3338 fluisse
866 3274 963 3337 Ducis
987 3271 1187 3337 clementiam

152 3406 192 3456 ut
209 3390 290 3476 ipsos
316 3388 418 3474 patria
445 3383 590 3472 expulsos
608 3385 746 3472 hospitio
761 3386 917 3473 exceperit
942 3402 974 3451 et
991 3382 1092 3451 libera
1112 3383 1188 3450 reli·

153 3503 247 3593 gione
272 3501 321 3565 uti
343 3496 497 3579 voluerit;
527 3499 617 3587 atqui
638 3521 695 3586 per
717 3499 818 3586 ipsam
845 3497 934 3566 illam
953 3498 1139 3590 religionem
1156 3524 1188 3564 se

154 3615 344 3680 mandatum
356 3612 454 3678 Ducis
468 3612 595 3700 exsequi
613 3635 679 3676 non
694 3635 795 3699 posse3
812 3612 926 3700 quodsi
942 3613 1039 3700 igitur
1057 3614 1188 3676 immota

155 3729 218 3816 ipsi·
236 3743 296 3792 stet
307 3727 460 3791 sententia
481 3723 643 3806 Qualreros
660 3722 768 3788 exsilio
788 3722 947 3804 multare,
962 3720 1040 3787 alios
1049 3721 1110 3788 sibi
1129 3721 1189 3788 eli-

155 3865 229 3932 gere
248 3837 326 3905 relit
348 3840 405 3928 qui
434 3834 519 3902 salva
550 3861 607 3902 sua
634 3832 785 3924 religione
810 3834 869 3921 ipsi
896 3837 1016 3922 possint
1043 3835 1187 3916 obedire3

156 3970 315 4019 caeterum
326 3951 616 4016 Remonstrantium
625 3948 665 4013 de
674 3946 926 4012 dissentientibus
939 3947 1107 4014 tolerandis
1118 3972 1190 4014 sen·

157 4069 290 4134 tentiam
310 4065 392 4131 Duci
410 4053 597 4154 persuadere
616 4077 818 4128 conarentur.
866 4059 990 4128 Placuit
1012 4060 1076 4126 hoc
1089 4062 1190 4154 magi-

157 4180 318 4248 stratibus.
343 4179 423 4266 Mox
438 4179 514 4244 Dux
532 4178 566 4244 in
575 4173 721 4242 exsilium
739 4175 851 4240 missus
867 4173 946 4257 fuit3
962 4191 1034 4262 post
1052 4177 1190 4242 reditum

159 4290 324 4382 aliquoties
341 4315 416 4358 cum
435 4289 668 4381 magistratibus
685 4285 1190 4377 expostulavitquodmandatum

1008 4403 1027 4464 3
1043 4403 1057 4431 ἑ
