2959 5284
735 487 890 553 ..g-

295 703 371 746 uero
397 695 487 768 parte
513 676 680 744 latendum
706 693 752 744 est
774 673 957 767 Theologos
977 691 1129 741 nostrates
1153 675 1197 740 ab
1223 677 1330 740 aetatis

296 817 369 859 suae
391 793 517 882 ingenio
534 813 601 856 non
619 791 662 855 ita
678 789 923 873 fuisse-alienos,
938 806 977 854 ut
997 786 1222 855 scholasticum
1240 785 1331 854 illam

295 905 485 971 methodum
503 905 715 995 dogmataque
728 901 785 968 illa
804 903 936 992 antiqua
952 925 1020 966 non
1039 899 1190 967 lubenter
1204 923 1331 990 recepe·

293 1192 357 1254 psit:
385 1193 469 1250 »Quae
494 1190 525 1240 de
551 1191 626 1240 Gallis
648 1189 776 1240 exsulibus
795 1190 820 1238 in
837 1197 958 1252 postrema
975 1204 1031 1239 mea
1047 1190 1150 1252 epistola
1168 1190 1252 1252 scripsi
1271 1202 1330 1238 vero

293 1285 389 1334 veriora
406 1292 473 1334 suut.
510 1283 566 1333 lam
585 1283 649 1346 apud
668 1284 791 1332 ministros
810 1283 895 1344 Belgas
914 1283 985 1332 multi
1004 1295 1089 1332 eorum
1107 1283 1171 1331 male
1187 1283 1273 1331 audire
1294 1283 1330 1329 in·

296 1379 404 1441 cipiunt,
422 1388 548 1440 tamquam
565 1378 658 1440 ingenii
675 1378 859 1427 turbulentioris
879 1379 1001 1427 homiues.
1036 1379 1067 1426 lu
1080 1377 1167 1440 inglu
1179 1378 1266 1426 eadem
1278 1391 1330 1425 mo

293 1475 395 1522 liuntur,
432 1474 498 1522 Ante
523 1486 615 1536 paucos
638 1485 735 1522 menses
756 1473 820 1522 llsr.
838 1470 975 1535 Episcopus
992 1472 1178 1522 Selbbuiensis
1193 1473 1233 1522 bis
1248 1473 1331 1522 serbis

291 1568 315 1614 id
339 1568 398 1616 mibi
419 1567 576 1629 significavit:
610 1567 675 1618 Galli
692 1567 787 1614 serula
810 1568 835 1614 iu
855 1575 904 1614 tum
915 1567 1043 1628 proauum
1061 1580 1140 1617 sertus
1154 1580 1250 1629 auarus
1266 1574 1331 1617 am

291 1662 329 1712 lic
349 1678 395 1710 non
417 1665 493 1710 miuus
514 1675 583 1724 quum
600 1663 666 1722 opud
680 1675 721 1709 vos
737 1661 817 1718 furere
833 1663 955 1710 videntur:
970 1663 1079 1720 frocum
1097 1671 1175 1734 tomos
1186 1665 1244 1722 ipsu
1260 1661 1329 1724 injec-

292 1767 340 1804 tum
364 1766 413 1806 est:
439 1771 486 1804 non
507 1765 583 1804 tomen
598 1756 675 1816 sopito
697 1763 752 1803 sunt
766 1755 862 1816 jurum,
889 1757 951 1804 ultas
971 1759 1039 1804 tranis
1058 1766 1153 1817 suerunt
1169 1759 1272 1805 radices.
1309 1760 1329 1804 Λ

293 1852 431 1914 quibusdum
448 1865 494 1913 pro
506 1853 616 1900 concione
631 1852 691 1898 inter
704 1849 814 1897 lwetici
829 1850 914 1898 indicio
932 1852 1076 1911 asnorum
1092 1860 1127 1898 est
1146 1849 1290 1912 hocsemii
1302 1851 1331 1899 ds

292 1949 340 1994 vitu
356 1946 435 2007 probo
454 1955 477 1994 et
495 1947 553 1994 berte
574 1945 715 1994 tuttumm
733 1945 781 1992 sint
795 1946 878 1992 mum
891 1947 916 1992 in
931 1947 1024 1993 nodum
1035 1944 1143 2002 solliciti,
1155 1954 1206 1994 etc.
1234 1945 1330 1994 Utinam

290 2042 390 2090 tandem
416 2041 447 2090 sd
474 2041 581 2090 animum
604 2046 734 2096 revocent,
760 2037 820 2099 quld
842 2040 874 2088 sit
896 2039 985 2100 religio
1003 2039 1155 2090 Christiana!
1193 2039 1238 2088 Vol
1255 2053 1329 2090 cruce

291 2137 406 2198 magistra
423 2137 518 2185 discant
538 2150 586 2184 non
603 2150 634 2184 ex
654 2135 731 2192 odiis,
753 2143 797 2182 aut
814 2133 934 2190 dissidiis,
956 2133 1157 2190 auttemerariis
1172 2134 1327 2196 dogmatum,

292 2232 315 2277 in
331 2229 455 2293 Scriptura
470 2239 513 2279 aut
527 2231 600 2292 plarm
617 2243 667 2290 non
682 2235 724 2276 aut
740 2230 826 2276 saltem
837 2229 961 2276 nunciare
974 2227 1132 2285 traditorum,
1146 2229 1328 2279 determinatio·

291 2325 378 2382 nibus,
396 2326 438 2373 scd
451 2339 481 2373 er
493 2325 612 2373 charitate
627 2322 753 2372 dominum
768 2324 849 2372 lesum
865 2323 996 2384 discipulos
1008 2336 1064 2371 suos
1077 2323 1176 2384 agnosci
1187 2325 1285 2373 celiel·
1295 2351 1328 2361 -

292 2420 320 2468 ln
342 2420 444 2481 epistola
460 2419 596 2468 bandinum
615 2419 645 2466 ad
667 2418 789 2466 clericum
807 2409 886 2474 data,'
904 2419 935 2465 21
960 2417 1026 2465 lunii
1043 2417 1125 2464 1682:
1150 2417 1327 2478 niestratium,

292 2512 385 2574 iuquit,
404 2513 606 2562 Ecclesiastarum
624 2511 724 2572 vestigia
744 2513 833 2573 premit
851 2512 982 2570 luriaeus,
995 2525 1074 2574 nuper
1090 2511 1249 2571 bodanensis,
1263 2529 1329 2563 nunc

291 2609 506 2656 lloterodamensis
524 2605 645 2667 professor
661 2601 698 2670 (in
713 2606 770 2668 ejus
782 2606 873 2669 quippe
890 2606 994 2667 gretiam
1012 2617 1074 2654 nota
1091 2607 1173 2655 ecbola
1187 2616 1270 2657 erecta
1280 2610 1329 2672 est)

291 2710 317 2750 et
341 2701 431 2749 ibidem
455 2701 524 2749 verbi
545 2699 620 2752 lirini
648 2699 775 2748 minister:
800 2701 842 2761 qui
867 2701 944 2749 instar
962 2701 1063 2750 alterius
1079 2700 1149 2750 Sauli
1166 2705 1216 2752 buc
1230 2705 1329 2754 advenit

293 2791 406 2857 iustius
424 2793 532 2852 ἀπειλῆς
546 2791 592 2844 καῖ
609 2794 702 2856 clueo,
720 2807 849 2858 notusque
867 2796 957 2852 bomo,
975 2797 1083 2844 noudum
1101 2795 1160 2845 aire
1172 2806 1255 2848 nostro
1268 2799 1328 2849 tinc-

290 2901 345 2950 tus,
361 2892 395 2940 nil
411 2892 458 2940 nisi
473 2893 604 2950 haereses,
621 2890 670 2938 imo
683 2891 823 2939 haeresium
836 2891 946 2939 muium
960 2891 1090 2940 colluvium
1103 2901 1199 2954 crepat.
1221 2893 1327 2952 lerum,

290 2983 348 3036 licei
366 2987 390 3034 in
407 2985 573 3035 concionibus
583 2985 696 3046 placeat,
713 2986 781 3033 sidet
797 2985 849 3048 jam
865 2985 941 3032 nimia
958 2999 1004 3033 sua
1024 2987 1158 3035 acerbitate
1174 2989 1294 3038 alienatos
1313 3003 1327 3039 a

294 3093 321 3128 se
335 3079 443 3141 plurium
464 3078 572 3134 animos.
594 3077 701 3127 adeunt
719 3091 777 3126 curu
793 3079 820 3125 in
839 3079 911 3127 initio
925 3077 1049 3140 frequenti
1063 3082 1182 3143 gauderet
1190 3076 1326 3141 auditorio,

292 3187 358 3223 nuuc
383 3186 452 3223 raros
470 3172 600 3222 admodum
621 3173 648 3220 in
669 3171 877 3234 praelectionibus
898 3173 950 3222 suis
970 3176 1102 3237 conspiciat
1121 3178 1275 3227 audituros.n
1294 3205 1327 3216 -

293 3267 361 3321 liaeo
379 3282 460 3330 pauca
477 3268 607 3317 dedicunt
623 3267 757 3330 pourissem
773 3280 848 3330 quem
870 3269 985 3331 plurime.
1026 3271 1097 3320 Anno
1115 3273 1185 3320 libb
1211 3273 1331 3324 &mutes

295 3363 533 3412 Amstelodameuses
555 3375 601 3425 per
622 3363 737 3414 Witsium
758 3363 889 3412 Consulem
910 3365 946 3413 ls.
963 3365 1100 3415 Portunum
1119 3378 1237 3430 rogarunt
1251 3378 1279 3418 ut
1296 3370 1328 3418 ad

295 3457 440 3520 synedrium
457 3456 679 3504 demonstrantium
697 3457 801 3506 referret
817 3458 849 3506 de
862 3459 967 3520 pecunia
982 3473 1027 3522 pro
1042 3459 1118 3509 Gallis
1134 3464 1264 3512 extalibus
1277 3462 1327 3514 col-

292 3548 400 3614 ligenda.
436 3550 530 3598 Retulit
548 3549 685 3608 Pomanus,
705 3552 799 3612 placuit
816 3551 943 3614 synedrio,
979 3554 1093 3605 Atlante
1113 3558 1271 3606 coustitutum
1290 3560 1328 3608 in·

289 3647 446 3708 dicatumque
464 3645 530 3693 diem
549 3645 690 3694 concionem
709 3645 795 3693 babuit
811 3645 935 3695 Fontanus
951 3647 977 3695 in
997 3649 1022 3696 ll
1039 3650 1098 3699 (lor.
1116 3652 1190 3709 vill,
1212 3655 1263 3711 13,
1276 3654 1325 3713 11,

291 3743 337 3790 ts.
374 3739 476 3790 Collecti
496 3749 553 3799 sunt
575 3755 650 3805 super
672 3741 710 3790 bis
736 3739 804 3789 mille
823 3740 938 3791 floreum.
976 3744 1085 3794 listleml
1104 3747 1130 3794 in
1150 3748 1260 3797 Ecclesia
1280 3751 1328 3798 lle·

291 3835 478 3885 monstrantium
500 3836 630 3885 admodum
652 3849 727 3896 parva
753 3836 780 3885 in
801 3837 907 3886 eundem
931 3837 1005 3888 linem
1022 3841 1119 3890 collecti
1146 3851 1203 3892 sunt
1227 3851 1327 3893 centum

289 3931 451 3994 quadraginta
468 3938 523 3980 octo
543 3930 638 3980 boreui.
677 3930 797 3980 Consules
810 3933 902 3993 gratiss
916 3947 1006 3996 sgerm
1022 3936 1147 3986 Ecclesiae
1162 3937 1269 3989 Gallium
1284 3954 1327 3989 an·
1376 3992 1379 3998 ,
1475 3936 1476 3963 ³

289 4027 378 4074 tistitus
401 4025 575 4074 liberalitatem
598 4026 821 4075 liemoostrantium
846 4028 1032 4089 depraedicare.
1077 4028 1229 4091 »Utinsm,”
1247 4034 1328 4096 inquit

290 4119 459 4170 bimborouius
483 4120 508 4168 iu
534 4119 608 4182 epist.
626 4121 658 4168 ad
680 4121 744 4182 ling.
762 4122 795 4169 ab
815 4123 942 4185 linselen,
964 4128 1073 4174 »utinam
1090 4126 1208 4189 depositis
1228 4129 1327 4178 tandem

290 4213 422 4263 inimicitiis
449 4213 592 4263 charitatem
613 4227 682 4263 suam
708 4215 816 4264 vicissim
840 4230 899 4278 ergo
924 4233 968 4268 nos
991 4220 1168 4280 mmonurent,
1188 4224 1273 4274 saltem
1293 4224 1326 4273 ab

287 4308 445 4358 insectatione
471 4308 549 4358 nostri
563 4309 721 4370 imposterum
741 4310 912 4361 abstineantl”
948 4314 1018 4364 Anno
1038 4316 1146 4366 nondum
1166 4317 1326 4378 sesquialtero
