2959 5284
567 456 746 520 ..39-

144 637 360 720 suetudinem,
396 659 460 728 quo
479 659 542 724 per
567 636 715 724 epistolas
737 637 812 702 illos
821 639 1002 727 junioris,
1020 643 1178 727 pacificos

144 762 178 814 et
202 755 520 829 communicatorias,
553 757 703 816 cuiatem
716 749 805 837 fidei
825 764 856 816 et
873 760 908 816 in
927 775 968 816 eo
982 765 1179 818 contessera-

143 870 263 926 ttonem
281 862 516 950 hospitalitatis,
542 875 577 926 ut
596 863 736 951 loquitur
754 863 987 944 Tertullianus,
1009 887 1178 932 conservo-

144 972 241 1055 bant;
272 982 318 1038 sic
343 984 496 1065 utrimque
524 998 567 1040 ec
596 975 764 1063 religionis
792 974 998 1040 similitudine
1021 985 1181 1042 eacimtm

143 1099 178 1150 ct
186 1086 321 1175 fricetur
341 1095 503 1176 recioroca
520 1096 604 1153 iuter
622 1087 769 1152 absentes
792 1101 827 1153 et
842 1087 936 1177 longe
965 1088 1087 1178 liteque
1110 1091 1179 1154 dic·

141 1207 223 1264 sitos
243 1209 384 1266 amicata
404 1203 533 1289 ejusque
544 1201 675 1288 firmum
690 1200 864 1278 viaculum,
886 1200 973 1288 quod
991 1209 1086 1266 ettam
1102 1202 1180 1267 sub-

141 1313 220 1378 inde
242 1337 308 1378 non
334 1321 439 1377 miuus
457 1312 636 1400 prudenter
651 1333 746 1399 quam
768 1333 921 1398 prospere
945 1321 1050 1376 missis
1067 1324 1179 1380 mune·

142 1424 233 1490 ribus
247 1425 413 1490 roboros.''
459 1425 555 1488 Tanti
573 1422 818 1488 Limborchium
837 1421 995 1490 faciehant
1013 1427 1075 1490 viri
1093 1426 1179 1492 docti

142 1537 180 1602 in
197 1535 315 1628 Anglii
334 1553 372 1603 ut
390 1538 450 1603 viri
467 1535 626 1603 clarissimi
646 1536 776 1604 Crusius
793 1537 899 1621 turis,
924 1535 1084 1605 Valderus
1102 1539 1180 1604 Phi·

142 1646 322 1738 losophiae‚
357 1649 521 1718 Melderus
550 1652 789 1718 Mathematicus
809 1654 843 1718 in
872 1651 1044 1718 Academia
1072 1669 1180 1718 nostra

142 1764 294 1850 primaria
317 1765 609 1856 Lugduno-Batava
636 1766 844 1855 professoria,
872 1791 947 1832 cum
975 1792 1060 1834 anno
1092 1769 1179 1834 tert

142 1897 204 1962 per
222 1874 313 1942 ferias
332 1877 524 1944 caniculares
540 1881 575 1944 in
590 1877 744 1970 Angliam
754 1903 920 1945 excurrere
932 1882 1121 1962 statuissent,
1137 1879 1181 1946 ab

142 1984 335 2073 illo·literas
366 1993 634 2058 commendatitias
660 1992 720 2058 sihi
748 1992 959 2083 efflagitandas
989 1993 1177 2058 censuerint.

143 2098 242 2166 Anno
261 2105 406 2193 sequenti
425 2105 504 2170 haec
519 2105 562 2170 ad
578 2104 762 2170 Jenlresium
780 2106 913 2194 scripsit:
942 2106 1032 2169 »Vir
1049 2105 1180 2193 amplis·

142 2221 243 2278 simus
262 2230 292 2280 et
307 2226 439 2305 patricis·
454 2220 576 2284 ordinis
590 2219 757 2284 Araoldus
776 2219 958 2308 Hocfdt'us,
983 2242 1086 2306 nuper
1103 2227 1181 2283 cici·

143 2335 221 2392 totis
240 2343 368 2394 nostrae
378 2330 684 2394 Amstclodomensr‘s
697 2331 806 2394 Judcs
822 2340 888 2395 sice
901 2331 1068 2412 Scolrs'rrus,
1084 2332 1181 2396 oohsit
1321 2315 1324 2319 ⁷

137 2464 204 2528 per
221 2465 271 2505 me
291 2443 360 2525 tibi,
378 2447 468 2532 cujus
485 2467 638 2508 summam
653 2443 881 2508 hunonitoum
899 2430 1066 2532 aliquotres
1077 2467 1180 2530 prce·

143 2553 253 2618 dicore
275 2555 407 2638 audiuit,
427 2557 675 2622 commcndcrt.’'
721 2555 857 2622 Jenhesii
875 2553 981 2634 illius,
995 2556 1052 2644 qui
1072 2553 1181 2642 philo-

142 2666 283 2753 sophum
302 2667 520 2732 Christianum
538 2693 571 2734 se
591 2669 693 2734 dicere
713 2668 852 2750 amabat,
865 2685 996 2758 eratque
1015 2669 1113 2734 homo
1129 2670 1181 2736 in·

141 2778 224 2866 signi
248 2778 363 2864 pietate
381 2795 477 2868 atque
497 2781 624 2870 ingenio
640 2779 785 2864 liberali,
809 2781 954 2844 Thomas
976 2782 1101 2864 Pierce,
1123 2782 1180 2870 qui

142 2884 260 2952 morbo
278 2885 366 2952 letali
383 2889 514 2954 afflictus
529 2907 560 2954 et
582 2900 854 2978 »cupientissimus
867 2915 934 2969 esse
948 2915 1018 2954 cum
1035 2891 1179 2956 caroso’

142 2995 196 3064 vel
216 3000 259 3064 sic
276 3015 382 3066 tamen
399 2998 564 3071 literarum
582 3003 809 3068 commercium
828 3026 896 3068 non
906 3003 1085 3083 intermisit,
1102 3000 1181 3070 alio-

142 3135 231 3192 rum,
248 3115 312 3201 jam
328 3110 495 3202 aliquoties
510 3116 706 3180 mentionem
715 3113 846 3181 fecimus
852 3115 975 3202 saepius
988 3116 1084 3180 etiarn
1092 3133 1181 3203 post-

141 3225 205 3290 hac
229 3224 353 3292 facturi.
396 3228 474 3292 Fuit
490 3244 614 3316 praeter
632 3229 692 3294 hos
708 3230 743 3292 in
762 3230 870 3293 amicis
885 3227 1083 3292 limhorchii
1103 3230 1180 3293 doc·

142 3339 280 3403 tissimus
299 3338 409 3430 legum
427 3341 647 3405 Hebraeorum
665 3343 819 3427 interpres
836 3341 868 3406 J.
889 3338 1083 3427 spencerus,
1107 3341 1180 3406 Me-

143 3451 326 3542 taphysicae
346 3467 377 3516 et
395 3451 528 3516 Ethicae
552 3449 775 3542 Philosophiae
801 3454 911 3518 doctor
929 3451 971 3517 H.
995 3453 1126 3533 Morus,
1150 3470 1181 3518 et

143 3563 240 3651 hujus
259 3565 377 3630 amicus
392 3581 489 3654 atque
507 3559 627 3656 collega
643 3565 723 3631 Rad.
746 3563 992 3646 Cudworthius‚
1013 3567 1070 3656 qui
1089 3568 1122 3630 in
1136 3563 1181 3630 li-

144 3678 219 3740 teris
244 3700 323 3765 ques
351 3678 442 3743 initio
469 3678 545 3744 anni
567 3678 653 3742 1668
671 3677 712 3742 ad
731 3677 977 3754 Lirnborchium
996 3674 1083 3740 dedit
1101 3699 1182 3764 qua-

143 3811 283 3877 rumque
301 3806 425 3876 partem
441 3793 507 3877 jam
526 3789 658 3854 exhibui
675 3811 771 3876 supsu
782 3788 816 3874 (S
828 3789 875 3875 3),
891 3785 988 3852 refert
1000 3787 1043 3853 de
1060 3790 1181 3854 ratione

144 3923 209 3991 qua
235 3923 274 3965 ex
303 3900 475 3967 Calvinista
496 3901 702 3966 Arminianus
720 3899 821 3966 factus
844 3900 883 3964 sit
897 3900 922 3964 ¹.
961 3899 1013 3964 Ex
1037 3899 1180 3964 ecclesiae

145 4012 340 4105 Anglicanae
369 4013 575 4101 primatibus,
598 4030 720 4103 praeter
744 4011 961 4077 Tillotsonum
984 4010 1180 4103 Archi-Epi-

184 4189 193 4222 ¹
210 4194 302 4244 Eurum
321 4193 447 4241 literarum
465 4193 502 4240 uti
512 4199 539 4242 et
549 4192 667 4252 epistolae
683 4189 818 4239 Damaridis
829 4190 981 4248 mammas,
994 4190 1141 4241 Cudworthii
1153 4190 1179 4237 fl·

147 4285 210 4346 liae,
229 4287 315 4337 eodem
333 4285 477 4349 pertinentis
494 4283 628 4346 fragmenta
648 4285 703 4333 vide
722 4284 748 4330 in
768 4283 878 4346 Appcnd.
897 4285 926 4332 Ι).
950 4285 976 4331 t.
