2959 5284
584 470 763 532 ...37-

153 653 316 720 tecellunt.
364 656 416 720 Ex
440 652 605 720 literarum
634 655 823 736 commercio
843 655 885 717 sic
904 654 1070 742 utriusque
1087 675 1186 742 agno-

151 769 249 832 scitur
269 765 391 832 indoles
410 784 442 831 et
458 766 558 851 locus,
575 785 612 831 ut
622 765 736 832 Clerici
748 783 928 854 stupeamus
938 763 1184 856 polymathiam,

151 905 343 971 nomenque.
357 904 414 969 per
433 905 560 946 omnem
581 882 766 968 Europam,
796 880 884 968 apud
903 882 1063 968 Principes
1080 880 1187 944 homi-

98 1075 99 1087 *
151 1016 273 1087 nosque
293 993 451 1080 privatos,
476 994 583 1058 doctos
607 993 767 1072 indoctos,
791 1009 957 1082 tamquam
980 1017 1019 1057 ex
1040 993 1187 1057 cruditis-

150 1105 237 1170 simis
255 1106 383 1188 cruditi‚
399 1105 539 1188 clarum,
556 1105 755 1171 Limborchii
771 1108 924 1170 miremur
935 1103 1068 1170 solidam
1078 1104 1187 1169 Theo-

149 1215 252 1308 logiae
274 1221 452 1301 scientiam,
481 1242 704 1307 summamque
731 1242 795 1307 qua
814 1217 910 1282 fuerit
935 1218 1022 1304 apud
1042 1215 1187 1306 aequales

148 1353 222 1396 suos
242 1331 324 1396 bene
342 1329 462 1396 multos
482 1333 516 1394 in
532 1330 643 1396 eodem
664 1353 777 1422 genere
794 1328 1000 1408 excellentes,
1023 1346 1187 1418 tamquam

148 1445 444 1510 Remonstrantium
466 1446 629 1533 princeps,
654 1445 927 1509 existimationem.

196 1557 235 1620 In
251 1554 368 1646 Anglia
384 1554 516 1644 plurimi
534 1573 624 1622 erant
640 1556 780 1622 Arminii
801 1559 837 1622 in
854 1558 1001 1648 dogmate
1021 1557 1061 1621 de
1079 1556 1187 1620 divina

148 1667 433 1756 praedestinatione
449 1668 644 1734 sectatores1.
664 1667 766 1734 Causa
781 1669 843 1734 suit
858 1670 893 1732 in
907 1660 1008 1758 gentis
1018 1666 1106 1732 illius
1115 1691 1187 1732 sen·
1293 1673 1316 1721 '-

149 1801 189 1846 su
205 1782 368 1844 communi
384 1797 418 1846 ¹ct
439 1782 566 1871 ingenio
581 1783 737 1869 practico,
762 1781 881 1870 quibus
896 1783 992 1846 etiam
1012 1779 1132 1844 factum
1144 1795 1188 1844 ut

148 1895 293 1982 primum
304 1909 469 1983 systemata
479 1891 661 1958 scholastica
679 1901 739 1981 pro
751 1891 886 1980 simplici
897 1890 1063 1980 Evangelii
1074 1915 1188 1956 secun·

151 2005 233 2070 dum
262 2005 395 2072 Sacrum
426 2004 577 2073 Codicem
614 2008 806 2094 expositione
844 2004 993 2070 lubenter
1026 2006 1188 2091 rejecerint

151 2117 269 2200 multi}
303 2119 376 2187 dein
402 2117 527 2209 longius
552 2121 704 2209 progressi
731 2121 765 2184 in
794 2119 958 2183 Deismum
986 2135 1017 2181 et
1038 2118 1188 2182 Materia-

152 2227 283 2297 liamum
310 2229 461 2296 nonnulli
487 2230 605 2320 delapsi
631 2235 705 2298 sint.
759 2232 1053 2296 Remonstrantium
1079 2251 1188 2296 rursus

152 2343 295 2410 doctores
322 2366 389 2408 non
414 2346 526 2431 pauci,
551 2347 585 2408 in
611 2344 731 2432 quihus
750 2343 993 2420 limborchius,
1016 2356 1188 2428 praeeunte

151 2455 284 2536 Grotio,
309 2453 445 2520 formam
473 2457 632 2547 regiminis
657 2453 850 2520 ecclesiastici
876 2451 1098 2541 Episcopalem
1121 2476 1188 2518 non

150 2569 353 2634 necessariam
374 2569 506 2658 quidem
526 2567 728 2658 judicabant,
759 2591 864 2656 neque
890 2582 998 2630 tamen
1016 2581 1072 2631 aut
1092 2563 1187 2630 Sacro

151 2681 261 2748 Codici
287 2683 462 2770 oppositam
487 2697 543 2748 aut
571 2705 629 2769 per
653 2705 685 2744 se
713 2678 857 2744 illicitam
870 2679 894 2742 2.
945 2678 1028 2743 Hinc
1051 2679 1187 2742 amicitia

149 2796 233 2864 inter
266 2791 410 2859 ecclesiae
439 2791 634 2882 Anglicanae
666 2808 698 2856 et
728 2791 1022 2855 Remonstrantium
1051 2788 1187 2854 familiae

186 3034 196 3068 ¹
214 3039 262 3086 Rea
279 3037 304 3084 in
322 3037 410 3098 volgus
426 3027 548 3084 nota‘est.
587 3033 674 3082 Narrat
692 3032 876 3088 Limborchiua‚
898 3032 922 3078 in
940 3031 1018 3079 literis
1034 3031 1065 3078 ad
1078 3030 1184 3078 Alexan·

147 3134 222 3185 druna
235 3132 432 3188 wedderbome,
452 3129 574 3178 Ecclesiae
592 3127 793 3189 Angloiielgicac
809 3140 874 3187 quae
886 3132 941 3173 erat
953 3124 1041 3187 Spirae
1055 3126 1128 3173 Dacia
1139 3125 1185 3172 mi·

80 3282 85 3293 y
149 3229 268 3285 nauum,
284 3227 318 3276 28
336 3227 392 3276 Oct.
414 3225 482 3274 1662
500 3222 583 3272 Gauda
602 3222 696 3278 missis,
716 3235 743 3269 ae
761 3221 788 3268 in
800 3221 880 3267 virum
895 3221 1025 3279 quamdam
1037 3219 1186 3266 Germanum

148 3324 314 3372 doctissimum
334 3321 460 3376 incidisse,
479 3321 520 3380 qui
532 3331 611 3380 nuper
623 3317 734 3377 Angliam
743 3319 887 3376 peragratua
899 3314 1058 3369 oaactaiiunc
1069 3311 1094 3358 in
1107 3313 1186 3360 soien-

149 3419 223 3468 nihua
241 3415 385 3466 Academiae
394 3411 602 3472 'Cantabrigienaia
616 3409 720 3460 comitiis
732 3408 855 3458 audivisse
866 3405 963 3455 delendi
974 3407 1039 3454 inter
1050 3406 1112 3454 alias
1123 3409 1186 3455 hanc

150 3511 231 3566 tiresia
241 3526 247 3557 ι
262 3511 383 3561 aarum
393 3522 440 3556 aaa
452 3515 487 3556 eat
495 3513 595 3555 novator
606 3539 614 3564 ‚
627 3507 670 3552 aad
679 3511 777 3552 veterem
788 3504 908 3551 veritam
919 3503 1028 3558 reducit,
1042 3515 1122 3549 aaran
1130 3502 1185 3549 Gol-

148 3609 216 3658 amas
232 3613 267 3654 aaa
283 3611 392 3654 novator.
429 3601 533 3650 Thomas
545 3599 646 3658 Picrce,
667 3598 753 3646 Theoi.
774 3595 839 3645 Proi.
854 3595 1012 3649 oxoniensis,
1026 3595 1052 3640 in
1065 3595 1142 3642 literis
1154 3597 1185 3643 ad

149 3700 356 3759 Poeienhurgtum
367 3705 392 3746 et
404 3695 583 3746 Limborahium
596 3706 660 3740 anno
675 3691 743 3738 1667
756 3690 837 3737 datia:
858 3687 949 3746 ›Regio
960 3685 1081 3746 quodam,
1091 3688 1185 3748 inquit,

148 3797 266 3850 mandato
283 3803 384 3846 cautum
401 3801 439 3844 eat
456 3792 521 3853 apud
534 3796 670 3843 nostrates,
690 3799 721 3834 ne
738 3784 962 3845 quiaQuaeationea
973 3783 1186 3845 Quinquatria-„iffi

150 3909 194 3946 rea
207 3908 229 3940 a.
242 3888 379 3951 inpulpitia
391 3902 413 3935 a.
427 3887 453 3936 in
464 3884 553 3936 scholia
566 3884 590 3935 iu
601 3884 744 3932 alterutram
756 3892 815 3928 sanc
826 3885 921 3939 partem
934 3878 959 3926 iu
970 3893 998 3926 aa
1010 3878 1115 3938 recipiat
1125 3892 1184 3928 ven-

150 3987 266 4040 tiiandaa.
287 3985 324 4032 lta
342 3990 425 4030 tamen
435 3979 493 4028 mihi
506 3985 609 4034 constat,
624 3984 651 4024 ut
662 3975 722 4024 nihil
735 3973 820 4034 magia,
834 3980 1089 4033 utrunquanoatrum
1099 3974 1186 4022 mciii-

152 4083 298 4145 Episcopum
310 4086 336 4128 et
347 4078 477 4126 maximam
490 4075 584 4136 partem
597 4071 785 4134 Episcoporum,
800 4067 901 4128 perinde
911 4081 967 4116 case
977 4068 1125 4118 orthodoxos
1136 4071 1183 4117 irae

152 4182 176 4232 in
195 4178 310 4240 paneae
329 4174 510 4238 Episcopium.”
548 4169 640 4220 Similia
658 4169 683 4216 in
699 4167 805 4216 aliorum
823 4166 900 4214 literis
918 4174 1059 4214 occurrunt.

187 4269 198 4300 ¹
218 4273 269 4320 imo
288 4271 326 4320 hic
345 4270 394 4318 iilic
413 4269 437 4316 in
456 4267 534 4316 literis
552 4265 582 4314 ad
601 4263 733 4314 familiares
751 4274 800 4309 uon
817 4262 921 4309 obscure
940 4259 1055 4336 siguificat
1074 4259 1181 4308 himbor·
