2959 5284
741 497 892 558 ..4.-

298 679 354 744 Dei
375 683 473 771 gratia
494 684 527 745 in
548 679 618 744 illos
635 678 823 744 conferenda
845 680 902 768 qui
920 677 983 742 lide
1007 699 1082 742 (aaut
1103 674 1231 740 Christo
1252 696 1332 736 oon-

298 793 397 875 juncti
421 794 502 874 sint,
525 808 591 856 tam
618 793 730 856 eximie
758 807 924 856 tuerentur
947 807 1045 879 atque
1064 786 1250 855 emendatae
1265 785 1331 849 Fa-

298 901 407 968 clesiae
425 903 589 993 tarnqufam
612 900 769 968 vexillum
788 905 953 994 origem.
983 900 1057 966 Alia
1081 923 1160 964 vero
1183 899 1332 989 dogmata

299 1041 382 1108 quae
405 1035 527 1084 tantam
549 1021 616 1084 vim
642 1021 677 1083 in
698 1020 812 1106 praxin
838 1039 905 1082 non
927 1016 1050 1082 habere
1069 1015 1256 1081 viderentur
1276 1026 1334 1076 aut

300 1149 365 1196 tant
384 1134 513 1198 nortiam
533 1153 602 1196 uon
621 1131 824 1214 habuissent,
848 1132 965 1195 intacta
982 1125 1195 1218 reliquenrnt.
1240 1127 1331 1205 Imo‚
1470 1190 1471 1205 p

299 1268 375 1309 cum
391 1267 459 1318 non
476 1267 560 1308 nova
581 1267 701 1333 suaque
719 1247 848 1308 inventa
868 1239 923 1308 sed
944 1241 1112 1331 antiquam
1124 1241 1290 1304 veritatun
1300 1259 1334 1300 se
1470 1308 1471 1325 χ

299 1380 501 1448 P¹⁰P¹¹gnare
517 1356 577 1420 ffl'bi
596 1373 697 1422 essent
712 1357 828 1422 conscii
845 1353 980 1445 aliisquo
996 1352 1118 1420 vellent
1133 1373 1331 1440 persuasum,
1470 1350 1471 1409 l

299 1468 402 1534 inulta
426 1470 644 1558 antiquiorum
666 1467 781 1556 placita
808 1467 958 1533 lubenter
983 1466 1181 1535 adverbum
1206 1487 1334 1552 recepe-
1470 1506 1471 1555 l

299 1601 394 1666 runt,
419 1601 457 1648 ut
473 1585 568 1649 unius
585 1581 766 1648 Catholicae
784 1579 959 1666 Ecclesiae,
973 1605 1087 1647 verum
1103 1579 1288 1646 emendatae
1301 1593 1333 1641 et
1376 1580 1380 1587 ’

299 1698 340 1761 ad
359 1697 524 1784 pristinam
549 1695 747 1760 sanctitatem
769 1711 949 1778 revocatae,
976 1693 1122 1760 membra
1142 1718 1176 1758 se
1194 1715 1258 1758 esse
1275 1691 1333 1756 de-
1471 1742 1472 1751 ,

300 1808 465 1874 clararent.
521 1807 615 1874 Absit
640 1825 679 1872 ut
699 1808 819 1873 horum
843 1810 987 1873 virorum
1025 1806 1177 1872 laudibus
1208 1804 1333 1894 aliquid

299 1923 477 1986 detractum
505 1919 614 1986 velim.
668 1920 873 1986 Perieoerunt
896 1937 1058 2010 qnantum
1084 1921 1227 2007 ipsorum
1249 1933 1333 1982 aetas

300 2032 420 2098 ferebat
440 2052 471 2098 et
491 2033 565 2122 plus
579 2033 644 2099 fere
664 2057 764 2124 quam
780 2033 920 2113 ferebat,
943 2050 981 2098 ut
999 2033 1035 2097 in
1051 2055 1148 2119 opere
1166 2054 1226 2098 suo
1240 2054 1333 2118 peru-

299 2145 402 2236 gendo
419 2169 622 2215 communem
639 2147 811 2210 hominum
818 2147 971 2210 virtutem
978 2167 1137 2231 superasse
1150 2143 1328 2209 videantur.

299 2259 446 2323 Fuerunt
472 2276 578 2324 tamen
598 2258 764 2340 hominoe3
787 2261 823 2322 in
843 2256 1009 2323 nonnullis
1026 2273 1184 2323 errarunt.
1217 2257 1261 2322 Et
1281 2256 1333 2320 hie

299 2373 431 2461 quidem
451 2375 639 2461 praecipuus
656 2370 719 2438 suit
733 2370 866 2438 illorum
883 2395 973 2436 error
984 2411 1030 2421 -
1044 2371 1163 2435 etenim
1182 2393 1271 2434 error
1281 2369 1332 2434 di-

298 2484 434 2568 cendus,
458 2490 549 2574 cujus
566 2509 609 2550 ne
624 2487 682 2573 ipsi
703 2485 834 2574 quidem
855 2483 915 2549 sihi
933 2485 1049 2548 conscii
1068 2481 1162 2548 foisse
1183 2483 1331 2548 censendi

299 2617 436 2663 sunt-
455 2600 545 2688 quod
567 2623 634 2664 non
662 2614 744 2662 totos
765 2614 863 2663 semet
880 2614 978 2687 atque
999 2596 1173 2663 Ecclesiam
1191 2622 1228 2662 ex
1249 2599 1332 2662 anti-

299 2735 440 2801 quorum
460 2713 647 2776 auctoritate
670 2711 919 2799 emanciparint,
949 2711 1004 2776 sed
1030 2707 1102 2775 illos
1127 2712 1268 2800 quorum
1292 2712 1332 2775 de

184 2898 190 2909 Ι
299 2822 412 2890 'ritibus
429 2823 533 2913 dequo
552 2824 641 2911 praxi
670 2822 848 2888 doctrinam
869 2825 1034 2913 rejecerint
1064 2825 1099 2888 in
1123 2822 1332 2914 'l'heologiam

299 2937 516 3028 Dognmticam
557 2937 728 3027 andquum
761 2936 932 3025 imperium
959 2937 1103 3004 obtinere
1134 2939 1215 3024 panti
1255 2940 1328 3003 sint.

300 3051 394 3131 Quod
419 3049 539 3116 sactum
557 3047 719 3131 dolemus,
743 3073 810 3114 non
833 3052 1001 3129 miramur.
1025 3051 1173 3114 Primum
1194 3052 1279 3115 enim
1297 3053 1331 3114 in

299 3162 429 3226 homine
444 3161 624 3228 Christano
644 3158 753 3226 locum
771 3179 906 3251 occupat
917 3186 1025 3227 sensus
1038 3161 1212 3254 religiosus,
1227 3165 1332 3251 praxis

298 3273 455 3356 alterum,
479 3289 636 3362 postrema
661 3289 706 3337 est
723 3275 838 3364 gnosis.
873 3276 986 3366 Itaque
1006 3275 1066 3341 ubi
1087 3278 1332 3342 universusllc-
1473 3308 1474 3315 ¹

298 3384 407 3451 clasiae
426 3385 556 3451 habitus
573 3403 742 3473 corruptus
759 3405 825 3471 est,
849 3386 905 3452 illa
917 3389 1060 3476 primum
1070 3389 1332 3455 animadvertitur

299 3499 482 3586 perversitas
501 3521 584 3586 quae
600 3521 726 3562 sonsum
746 3497 927 3590 neligiosum
947 3499 1093 3584 offendit,
1109 3502 1182 3569 dein
1201 3493 1332 3591 siquod

299 3628 346 3676 est
363 3612 478 3692 vitium
488 3609 632 3675 motibus
646 3611 793 3701 vitaeque
813 3611 1010 3678 Christianae
1031 3615 1174 3702 inprimis
1184 3617 1329 3697 noxium3

299 3726 324 3788 si
350 3724 429 3812 quid
447 3725 481 3788 in
495 3725 607 3814 gnosiu
627 3741 793 3812 peccatum
810 3719 875 3808 est,
899 3726 934 3792 id
953 3728 1051 3792 utrius
1067 3729 1329 3816 deprehenditur.

300 3837 369 3916 Sic,
393 3852 431 3900 ut
456 3859 524 3900 rem
543 3835 689 3924 exemplo
711 3834 869 3903 illustrare
887 3836 983 3903 simul
1001 3857 1033 3904 et
1051 3839 1188 3928 probare
1213 3865 1330 3921 coner,

300 3951 402 4038 prima
425 3971 586 4012 sacrorum
608 3943 881 4016 emendandorum
900 3954 1066 4018 conamina
1083 3950 1156 4018 fecit
1178 3953 1330 4045 populus,

300 4064 443 4129 fecerunt
464 4061 589 4154 Mystici
609 4079 640 4126 et
659 4059 891 4154 flagellantium
910 4065 1024 4132 turbae
1032 4115 1047 4155 ,Ι
1066 4090 1207 4156 quorum
1226 4091 1332 4159 sapsas

301 4175 461 4266 religiosus
479 4198 546 4243 non
566 4173 687 4243 ferebat
710 4193 837 4263 peccata
856 4181 1043 4268 parvipendi
1068 4197 1102 4246 et
1122 4179 1332 4261 nullamease

300 4314 382 4379 quae
402 4290 474 4376 ipsis
487 4287 672 4353 satisfaceret
691 4313 765 4354 cum
780 4291 847 4355 Deo
858 4291 1117 4360 reconciliationis
1128 4297 1225 4362 viam.
1252 4297 1331 4360 Mox
