2959 5284
715 477 892 540 -36-

286 682 394 730 eontra
424 662 585 747 Qualeros
609 685 675 726 non
701 677 966 750 exsequerentur,
992 659 1046 724 s'ed
1068 657 1116 720 illi
1136 675 1243 746 aperte
1261 658 1319 722 de-

285 777 466 844 clararunt:
489 802 521 842 se
543 799 605 842 esse
621 776 877 840 Remonstrantes
893 797 998 863 neque
1016 773 1167 860 cuiquam
1187 788 1319 859 propter

285 889 469 982 religionem
492 891 617 956 civitate
634 913 688 953 sua
708 889 894 953 interdicere
910 911 1009 975 posse.

257 1023 260 1032 ·
328 1004 372 1068 Εῑ
399 1004 478 1068 baec
505 1001 636 1092 quidem
665 1001 822 1065 sufficiant
845 1016 883 1064 ut
905 1014 1066 1087 appareat.
1079 1014 1201 1088 quanta
1221 997 1320 1061 fuerit

284 1114 481 1180 Limborehii
501 1116 583 1178 iuter
601 1137 673 1178 suos
684 1113 865 1195 auctoritas,
881 1135 948 1176 non
966 1108 1141 1176 'ambitione
1151 1126 1212 1174 aut
1228 1134 1319 1174 arro-

284 1230 407 1317 gantia,
437 1229 492 1294 sed
515 1229 651 1306 virtute,
681 1227 846 1306 doctrina,
873 1225 1043 1312 prudentia
1065 1226 1182 1312 parm.⁸
1216 1221 1318 1288 Illum

285 1339 468 1405 cathedram
483 1341 518 1404 in
534 1338 641 1404 schola
651 1339 944 1404 Remonstrantium
958 1335 1082 1402 (ilerico
1091 1335 1318 1425 clericumque

283 1451 580 1518 Rem'onstrantibus
606 1450 785 1516 conciliaue
808 1454 843 1515 in
867 1451 1036 1539 specimine
1057 1448 1195 1514 literar-io
1217 1448 1319 1513 finias

284 1569 438 1632 enarravi.
464 1565 570 1632 Multa
590 1591 628 1631 eu
649 1571 715 1654 ejus
732 1565 899 1632 literarum
918 1566 1106 1630 commercio
1124 1571 1199 1627 cu‘m
1217 1563 1320 1627 doctis

283 1679 580 1745 Remonstrantibus
604 1679 719 1744 addere
747 1703 888 1767 possem,
916 1680 972 1744 sed
989 1676 1052 1742 illis
1074 1679 1108 1742 in
1131 1699 1216 1742 novo
1233 1699 1318 1764 quo-

284 1791 358 1854 dam
375 1814 506 1878 corpore
524 1789 728 1880 epistolarum
749 1793 978 1879 praestantium
997 1807 1030 1855 et
1052 1791 1251 1854 eruditorum
1267 1789 1319 1852 vi·

284 1927 394 1968 rorum
413 1927 512 1993 quam
533 1907 566 1970 in
581 1907 641 1972 hac
664 1907 878 1974 dissertatione
900 1908 1004 1994 aptior
1026 1921 1103 1970 meet
1119 1903 1209 1968 locus
1222 1904 1248 1966 ¹.

351 2080 370 2162 §
393 2085 424 2145 5.
472 2083 663 2150 Limborelzii
689 2111 758 2151 cum
778 2095 854 2152 viris
875 2087 975 2150 doctu
999 2098 1093 2148 extra
1115 2084 1250 2146 liemon·

497 2206 664 2260 strantium
676 2199 846 2286 familiam
867 2205 1094 2262 commercium.

327 2351 583 2436 Limborchium,
598 2357 759 2422 doctrinae
778 2375 809 2422 et
825 2359 952 2423 virtutis
972 2360 1153 2446 principatu
1178 2357 1319 2446 quodam

282 2468 364 2532 inter
389 2491 460 2534 suos
480 2467 704 2552 excellentem,
729 2470 791 2535 hoc
815 2472 945 2535 nomine
964 2469 1112 2534 uolebant
1130 2471 1317 2559 quicunque

281 2580 315 2644 in
346 2582 439 2644 variis
465 2580 613 2668 Europae
641 2581 825 2673 regionibus
854 2583 1147 2648 Remonstrantium
1171 2573 1319 2672 partibor

281 2690 492 2758 favebant-
510 2694 541 2760 si.
561 2695 702 2780 partium
720 2697 791 2759 'vox
817 2695 1000 2783 unrrpanda
1023 2695 1064 2760 de
1081 2697 1118 2762 iis
1134 2699 1192 2786 qui
1207 2693 1316 2763 nullae

281 2811 344 2868 ease
364 2806 494 2892 cupiant
510 2839 554 2856 -
569 2821 625 2870 aut
645 2804 777 2871 illorum
792 2823 876 2872 certe
892 2808 1061 2872 amicitiam
1081 2831 1149 2873 non
1167 2833 1315 2897 asperna-

280 2918 412 2984 bantur.
444 2918 499 2985 Ab
520 2921 581 2985 hac
603 2922 697 2985 etiam
715 2937 807 3007 parte
828 2917 990 2985 Clericum
1009 2921 1093 2985 inter
1114 2937 1147 2984 et
1165 2920 1316 2986 Limbor·

281 3029 391 3096 chium
414 3030 546 3120 aliquod
565 3033 732 3096 discrimen
751 3034 927 3097 intercedit.
964 3031 1024 3096 Ille
1042 3032 1208 3098 literarum
1226 3057 1316 3100 com·-

280 3145 436 3209 mercium
453 3142 595 3208 hahebat
613 3165 688 3208 cum
715 3145 818 3208 omnis
838 3143 903 3208 fere
926 3144 1120 3210 conditionis¹
1131 3146 1316 3210 honestioris

280 3271 312 3322 et
343 3257 480 3322 maxime
507 3258 610 3321 variae
637 3257 822 3322 eruditionis
851 3256 1056 3336 hominibus,
1091 3258 1144 3322 hic
1172 3282 1239 3322 non
1255 3260 1315 3324 nisi

281 3385 356 3433 cum
379 3367 549 3458 Theologis
571 3369 670 3434 ferme
694 3387 726 3434 et
754 3368 972 3458 Philosopbis3
1004 3373 1111 3461 itaque
1132 3369 1218 3436 illius
1236 3375 1315 3461 quas

281 3482 368 3546 dedit
385 3482 568 3569 accepitque
584 3481 731 3570 epistolae
750 3485 881 3548 nomina
902 3499 933 3547 et
947 3482 1041 3572 plura
1056 3501 1087 3549 et
1101 3487 1315 3572 partim-certe

281 3591 452 3660 illustriora
480 3617 555 3683 prae
580 3619 611 3658 se
632 3592 760 3676 senmt3
793 3595 906 3686 hujus,
930 3621 1128 3686 qrrarnquam
1146 3623 1165 3662 a
1184 3601 1315 3686 paucio⁴

281 3705 370 3772 ribus
397 3708 526 3787 missae,
558 3705 688 3771 illarum
708 3723 827 3772 tamen
851 3733 1025 3774 numerum
1054 3728 1192 3798 aequant
1214 3713 1315 3801 iisque

280 3820 459 3909 argumenti
475 3821 626 3909 gravitate
644 3821 869 3911 doctrinaeque
886 3824 976 3910 copia
989 3846 1236 3914 nonnumquam
1255 3849 1315 3890 an-

319 4014 327 4044 ¹
348 4017 377 4062 u
403 4015 515 4078 append.
539 4013 568 4060 c.
592 4015 678 4062 rueras
696 4015 843 4063 mmmmm
861 4015 957 4076 vulgavi
975 4015 1006 4062 aa
1019 4014 1123 4062 renum
1135 3990 1246 4064 arulum
1257 4031 1314 4065 con-

281 4109 421 4168 solutorias,
439 4123 495 4156 cum
513 4108 551 4155 vir
569 4107 610 4157 iile
629 4109 850 4170 praestantissimus
868 4123 942 4173 cuper
958 4108 1037 4156 exsilii
1051 4109 1216 4159 calamitatem
1233 4112 1315 4159 uxoris

281 4208 354 4255 etiam
372 4212 451 4253 morte
469 4203 569 4251 afflictus
588 4211 668 4259 easet3
688 4216 752 4263 quae
771 4211 869 4263 propter
881 4201 1058 4249 sententiarum
1071 4205 1214 4263 gravitatem
1228 4214 1252 4252 et
1265 4205 1313 4252 stili

281 4301 427 4364 elegantiam
445 4300 490 4348 hac
508 4298 603 4360 publica
622 4299 677 4346 luce
695 4297 849 4359 dignissimae
868 4296 926 4344 mihi
945 4297 1011 4346 virae
1030 4307 1095 4346 sunt.
