2959 5284
709 407 909 468 -tot-

288 615 366 658 cum
382 589 585 680 imperfectus
601 592 640 654 sit
651 587 742 654 ‚nihil
760 589 820 655 sibi
840 591 882 654 ad
895 587 1120 676 perfectionem
1131 589 1240 654 deesse
1254 613 1322 654 cre-

288 705 343 768 dat
357 704 381 768 ¹.
421 703 505 769 Novi
525 703 674 792 equidem
696 719 727 766 et
746 702 938 768 Straussium
960 717 991 765 et
1010 699 1150 790 reliquos
1164 703 1239 766 istos
1256 701 1323 768 his-

288 817 402 881 toriam
430 815 547 880 Christi
574 831 606 878 et
626 817 805 902 σημΐαζκαὶ
821 814 911 902 ἔργα,
930 812 1051 902 quibus
1069 811 1190 880 Filium
1211 815 1269 878 Dei
1289 832 1321 878 et

288 927 451 992 Christum
477 951 508 992 se
531 925 698 1014 probavit,
720 927 755 990 in
776 924 915 990 dubium
934 949 1064 1007 vocare,
1088 943 1121 990 at
1142 939 1323 1016 numquam

286 1038 481 1106 obtinebunt
504 1058 542 1105 ut
561 1041 595 1104 in
617 1037 751 1104 illorum
766 1040 939 1128 systematis
956 1039 1089 1128 gratiam
1104 1039 1272 1105 certissima
1290 1056 1321 1104 et

285 1151 348 1217 fide
367 1153 546 1244 dignissima
569 1154 746 1218 testimonia
764 1175 962 1234 recusemus,
980 1169 1038 1216 aut
1055 1154 1127 1218 crisi
1144 1151 1191 1218 illi
1212 1154 1322 1247 ἀκρίτῳ

286 1265 447 1332 calculum
468 1267 660 1356 adjiciamus.
709 1268 800 1349 Imo,
823 1268 866 1332 sic
884 1268 989 1354 potius
1008 1267 1191 1331 statuimus:
1209 1291 1321 1332 verum

286 1405 349 1445 esse
363 1405 431 1446 non
443 1405 531 1468 posse
549 1381 637 1469 quod
653 1404 728 1446 cum
746 1404 856 1446 rerum
874 1381 1005 1444 veritate
1020 1396 1202 1469 tamaperta
1217 1378 1321 1446 fronte

287 1510 409 1583 pugnet
424 1495 449 1558 ².
485 1491 575 1559 Nihil
596 1518 670 1584 ergo
690 1493 796 1559 obstat
811 1495 984 1582 quominus
1003 1491 1059 1557 tali
1077 1491 1252 1583 Theologia
1265 1494 1321 1558 Bi-

285 1603 583 1688 blico-Christiana‚
611 1630 711 1694 quam
739 1605 865 1670 dudum
886 1606 1118 1688 desideramus,
1148 1604 1320 1695 aliquando

284 1718 487 1808 gaudeamus.
536 1719 603 1784 Nec
630 1719 747 1784 frustra
776 1717 837 1784 suit
865 1735 920 1784 aut
946 1744 965 1782 a
986 1719 1215 1784 Dissertationis
1232 1743 1320 1784 meae

285 1848 472 1920 argumento
492 1830 634 1898 alienum
651 1833 742 1922 quod
760 1832 800 1897 de
819 1831 880 1896 hac
894 1833 1122 1919 exspectatione
1135 1847 1247 1896 ‘nostra
1259 1827 1320 1894 aii-

286 1959 407 2032 quanto
426 1943 524 2010 fusius
538 1947 665 2035 egerim.
708 1945 900 2012 Meritorum
916 1946 1003 2011 enim
1018 1942 1217 2032 laudumque
1231 1945 1322 2009 Lim·
1362 1947 1366 1954 '

282 2054 406 2122 borchii
433 2081 556 2122 summa
584 2058 618 2122 in
650 2081 687 2120 eo
717 2072 858 2122 constare
888 2056 966 2122 mihi
990 2057 1117 2122 videtur
1140 2057 1229 2145 quod
1249 2055 1322 2122 talis

282 2164 475 2258 Theologiae
499 2170 681 2236 condendae
713 2170 868 2234 rationem
895 2169 1096 2248 monstrarit,
1124 2169 1322 2234 occasionem

239 2339 242 2346 .
283 2281 421 2368 pararit,
449 2279 658 2348 fundamenta
679 2283 796 2370 jecerit.
843 2282 935 2348 Nova
958 2278 1015 2345 illa
1032 2277 1207 2370 Theologia
1229 2281 1320 2346 Lim-

281 2393 490 2462 borchianam
508 2395 662 2463 hactenus
679 2375 866 2478 antecellet,
882 2395 972 2484 quod
984 2390 1128 2482 plenius,
1136 2390 1318 2480 perfectius,

283 2511 475 2578 constantius
495 2507 692 2578 linborchii
707 2524 817 2598 coepta
831 2521 1014 2586 exsecutura
1026 2508 1067 2572 sit
1081 2529 1181 2593 quam
1193 2505 1237 2573 ab
1251 2507 1319 2592 ipso

313 2786 330 2864 ’Ἰ
343 2785 411 2838 Coni.
438 2775 565 2848 Uiima'nn,
588 2789 750 2839 Polemi'sches
772 2792 797 2840 in
821 2790 913 2841 Betreii
933 2794 978 2842 der
1004 2792 1158 2855 Studiosigk.
1180 2793 1252 2851 iesu,
1274 2794 1315 2842 in:

280 2881 365 2932 Theoi.
383 2881 454 2932 stud.
475 2900 502 2934 n.
522 2885 587 2934 Krit.
601 2885 695 2947 dahrg.
715 2887 798 2944 18111,
816 2889 870 2935 3tes
885 2887 917 2934 ii.
938 2887 965 2936 S.
983 2888 1134 2937 ooo-tot.
1172 2887 1317 2950 Belgioein:

279 2971 538 3053 intermittant.
553 2980 951 3040 Goiigel-.=Ii.it.¹1ate8thtadz.
964 2983 1118 3032 ata-«218.
1136 2983 1266 3035 Caunum
1275 2983 1319 3032 Je«

202 3107 205 3113 .
279 3085 321 3120 sus
340 3072 380 3121 iiia
395 3073 506 3140 iniectis
522 3075 636 3132 inmune,
655 3075 675 3121 i.
694 3089 719 3122 e.
740 3087 789 3122 non
808 3076 919 3127 absolute
938 3077 974 3124 uti
991 3078 1070 3133 Deua,
1087 3076 1211 3139 perimus
1228 3078 1317 3142 bonus-

279 3180 327 3226 que
343 3165 405 3224 iuit,
428 3167 493 3230 quod
509 3167 564 3230 ipse
583 3166 710 3228 profitetur
731 3169 816 3216 Matth.
836 3170 910 3225 xlx,
929 3172 975 3227 11,
987 3170 1117 3237 quoeiiato
1130 3173 1264 3220 abutuntur
1275 3174 1316 3221 ad-

278 3261 390 3309 versarii.
409 3261 478 3310 Cons.
499 3261 628 3320 Uilmann,
650 3263 668 3310 l.
688 3264 755 3317 laud.
1220 3239 1235 3256 '⁴
1273 3238 1277 3249 Ι

306 3333 325 3383 ”
346 3353 493 3404 Te'stimonia
517 3357 650 3404 certissima
670 3357 796 3406 condico
816 3373 864 3405 non
881 3366 976 3406 tantum
997 3355 1086 3420 scripta
1103 3341 1316 3432 prirnaevaioteiss

279 3445 327 3508 ligo
343 3452 408 3507 quae
424 3447 513 3496 Codice
533 3448 607 3496 Sacro
623 3451 655 3496 N.
675 3449 702 3497 F'.
722 3452 894 3509 continentur,
913 3466 997 3501 verum
1015 3452 1115 3502 ethaeo
1130 3464 1156 3503 ct
1173 3442 1317 3504 nonunieiil

279 3549 331 3590 tunt
355 3539 417 3591 iliud
433 3517 491 3590 aare
510 3542 657 3602 perennius,
680 3543 814 3594 Ecoieaiam
832 3548 1008 3604 Conuiuium,
1029 3561 1093 3609 quaa
1111 3539 1214 3609 natator
1229 3551 1319 3603 mmo

278 3633 398 3698 Christum
414 3643 440 3686 et
458 3635 609 3702 conditorem
628 3651 698 3684 auum
717 3637 792 3690 fuisse
809 3647 835 3689 et
849 3615 1046 3697 conservatorem
1061 3652 1088 3704 et
1106 3659 1166 3696 vero
1181 3645 1316 3707 etiannum

278 3736 433 3790 praesentem
450 3724 474 3776 ἐν
493 3724 619 3790 πνεύματι
636 3729 680 3779 καὶ
698 3727 798 3794 δυνάμει
817 3735 861 3782 sibi
880 3736 977 3786 adesse.
1013 3738 1107 3800 &tons
1124 3740 1150 3788 in
1163 3740 1237 3788 terris
1249 3741 1315 3790 vide-

277 3837 332 3870 mus
349 3823 430 3871 vivum
446 3823 644 3885 animatumque;
666 3836 739 3889 capnt
756 3828 787 3876 ad
804 3830 898 3878 coetum
918 3831 1027 3893 pertinet
1044 3841 1131 3896 estque
1150 3835 1256 3884 nubibus
1272 3837 1314 3884 ob·

278 3924 379 3966 tectum.
418 3916 443 3968 st
468 3931 525 3966 vero
549 3918 674 3977 Christus,
697 3923 821 3973 Ecclesiae
840 3933 930 3986 capnt,
948 3942 997 3977 non
1016 3929 1124 3986 vitaret,
1143 3943 1235 3992 cornua
1250 3945 1315 3980 mor-

278 4020 346 4061 tuum
363 4013 467 4072 iaceret.
505 4013 606 4064 Praeter
623 4015 666 4067 ilia
686 4029 750 4077 quae
774 4020 819 4067 hae
834 4018 868 4074 ‚de
891 4034 920 4070 re
939 4022 1179 4084 wintomiam,
1202 4021 1313 4081 ὅςπάνυ,

278 4104 360 4157 mni:
376 4105 417 4166 Die
433 4107 531 4168 apokal-
547 4109 676 4168 Dossmatik
691 4125 738 4161 von
753 4112 794 4165 Dr.
815 4113 876 4162 Dav.
895 4115 990 4165 Frieda.
1009 4115 1227 4175 §summi-ster
1237 4121 1313 4177 Band,

278 4198 371 4260 gepitiit
393 4214 437 4248 von
457 4202 499 4254 nr.
519 4203 577 4252 itari
596 4203 657 4253 Phil.
672 4205 784 4263 Fischer,
798 4206 940 4266 Tutilium.
954 4209 1036 4267 teat,
1057 4210 1081 4257 S.
1101 4212 1134 4270 a,
1156 4214 1204 4270 10,
1230 4215 1281 4260 tt..
