2959 5284
570 480 770 543 -143-

144 673 256 716 strantes
271 679 334 716 vero
344 673 397 714 non
408 663 600 734 conquievisse,
613 663 697 716 donec
707 663 838 734 perisset
850 659 922 716 nefas
930 679 978 715 nos
988 661 1109 714 lioclesiis
1119 678 1177 712 uos·

145 759 193 808 tris
208 759 346 826 eiecerint,
360 767 438 828 atque
452 759 490 810 ite
507 760 536 810 in
545 769 674 828 separatos
684 768 775 810 coetus
783 759 922 811 convenire
932 757 1069 825 coegerint.
1089 756 1178 826 Atque

145 853 247 904 utinam
261 862 289 904 et
303 851 382 904 hodie
397 853 501 904 mitiora
516 853 577 922 ipsis
593 854 726 922 placerent
742 851 864 904 consilia!
889 851 942 902 Sed
951 861 1055 921 patrum
1065 851 1179 918 vestigiis

145 948 283 1012 insistunt,
298 956 326 1000 et
335 963 440 998 omnem
451 946 588 998 uobiscum
598 946 789 1000 fraternitatem
798 955 938 1015 respuunt:
952 943 1023 1016 quod
1032 961 1093 996 cum
1102 945 1178 1016 scrip·
1237 978 1241 984 ·

146 1052 174 1092 ta
190 1043 304 1110 ipsorum
318 1043 445 1105 clament,
461 1051 570 1094 nonest
585 1040 659 1112 quod
674 1041 702 1093 id
718 1041 827 1111 probare
843 1037 1009 1099 contendam.
1039 1038 1120 1102 Vale,
1138 1039 1179 1091 vir

147 1135 307 1200 doctissime,
320 1146 349 1188 ct
358 1136 463 1190 veritati
474 1137 570 1190 sincere
581 1137 657 1188 litare
668 1153 804 1206 nunquam
814 1134 911 1186 desine.

812 1250 975 1302 Erudltionis
986 1260 1048 1301 tuae
1059 1249 1145 1301 cultor

148 1349 338 1401 Amstelodami
349 1351 384 1400 24
396 1346 464 1414 Aug.
478 1349 555 1398 1696.
871 1346 903 1396 Ρ.
916 1343 1089 1396 alimborclr.

220 1602 268 1654 Vir
278 1604 396 1667 Summe,

184 1699 374 1768 Responsorias,
385 1699 481 1770 quibus
492 1717 577 1750 meam
588 1699 746 1750 tenuitatem
756 1697 877 1766 dignatus
885 1717 925 1764 es,
938 1701 1117 1769 contemplans
1126 1717 1180 1751 am·

149 1793 235 1845 brosis
245 1792 296 1844 frui
307 1811 349 1844 me
360 1792 433 1844 rebar
444 1803 524 1864 atque
538 1803 649 1844 nectare.
672 1793 854 1844 Gratissimum
864 1804 981 1846 mentem
991 1804 1050 1845 tum
1061 1796 1091 1845 B.
1105 1795 1135 1847 C.
1146 1795 1179 1845 D.

149 1905 247 1952 coram,
265 1897 324 1940 tum
342 1895 371 1937 et
387 1904 419 1937 ex
434 1887 590 1938 vestratibus
600 1888 669 1950 illis,
684 1888 731 1957 qui
740 1887 808 1938 sorte
821 1889 958 1940 itineribus
970 1887 1043 1939 ducti
1056 1898 1181 1941 nostram-

149 2000 201 2053 que
212 1982 348 2034 visitantes
358 1978 526 2032 Academiam
538 1999 624 2032 meam
636 1983 791 2033 conventuri
803 1992 865 2034 suut
874 1984 1046 2046 tenuitatem,
1057 1984 1182 2034 solicitius

150 2075 302 2147 explanabo.
327 2075 433 2127 Caetera
443 2077 536 2146 scripta
546 2074 813 2143 Uitenbogardianum
825 2093 854 2126 ac
863 2076 1035 2128 Brantianum
1046 2076 1105 2129 vidi
1112 2096 1182 2129 nun-

149 2189 228 2241 quam
235 2211 243 2235 ,
251 2189 320 2243 quae
333 2181 423 2224 tamen
434 2167 475 2223 his
484 2172 546 2241 ipsis
556 2171 732 2240 Lipsiensibus
743 2170 871 2224 nundinis
882 2172 948 2224 mihi
960 2175 1138 2226 tranmissum
1150 2176 1182 2226 iri

149 2265 237 2318 habeo
245 2277 420 2336 compertum.
444 2267 569 2333 Linguam
585 2266 713 2332 Belgicam
724 2267 808 2317 calleo
817 2268 926 2331 leviter,
938 2287 1019 2338 quam
1031 2279 1120 2322 tamen
1130 2288 1184 2321 una

150 2378 211 2412 cum
228 2358 368 2427 Anglicana
383 2375 461 2410 nunc-
470 2359 621 2410 excidturus
636 2375 694 2409 sum
704 2360 869 2428 exquisitius.
892 2361 1024 2431 Equidem
1035 2381 1095 2429 ego,
1107 2381 1182 2433 prae.

150 2465 192 2507 ter
207 2473 237 2507 ea
255 2471 322 2526 quse
337 2453 406 2504 hanc
421 2453 449 2504 in
460 2469 516 2504 rem
529 2461 594 2503 nota
607 2461 669 2503 suut
683 2453 711 2504 in
729 2454 835 2521 vulgare
852 2455 984 2525 aliquibus
993 2456 1108 2524 epistolis
1119 2456 1181 2506 lllss.

151 2560 268 2620 poteram
282 2547 388 2612 dooere,
405 2564 453 2599 nec
470 2545 592 2598 omnibus
608 2546 940 2601 Contrarernonstrantibus
951 2549 981 2599 in
997 2548 1103 2615 Synodo
1116 2551 1184 2601 Dor-

152 2645 261 2697 draoena
270 2645 426 2712 congregatis
435 2644 554 2697 adrisisse
566 2645 812 2698 condemnationem
822 2632 1062 2696 Remonstrantium
1072 2648 1184 2716 promis-

151 2759 236 2792 cuam.
257 2743 314 2792 Stat
322 2743 428 2792 interim
436 2744 574 2805 sententia,
584 2744 796 2794 demonstrantes
807 2740 959 2805 schismatis,
969 2759 1024 2812 quo
1035 2741 1084 2812 ipsi
1093 2761 1109 2794 a
1117 2742 1185 2794 Con·

151 2833 423 2886 traremonstrantibus
436 2835 548 2901 sejam
565 2843 640 2896 sunt,
657 2844 713 2884 tam
728 2851 783 2884 non
800 2853 854 2885 esse
868 2852 938 2896 reos,
954 2853 1036 2903 qrram
1046 2853 1102 2887 non
1112 2837 1185 2888 luere

152 2933 189 2984 rei
200 2932 375 2982 protestantes
385 2939 500 2999 tempore
510 2928 540 2978 B.
552 2926 670 2979 Lutheri.
690 2926 861 2996 Disputabsm
870 2945 953 2998 nuper
962 2928 1043 2980 llalae
1053 2930 1184 2982 Saxonum

153 3026 187 3080 de
203 3026 251 3079 hac
268 3043 295 3078 re
314 3043 375 3078 cum
391 3023 486 3077 celebri
501 3022 664 3086 deformato,
685 3023 731 3094 qui
743 3023 832 3074 nescio
842 3039 908 3094 quas
918 3021 1118 3100 absurdissimas
1127 3027 1186 3096 opi.

152 3124 258 3186 nionts,
277 3139 325 3192 pro
344 3135 432 3184 more,
445 3119 520 3172 vobis
529 3118 705 3183 attribuebat,
717 3136 747 3169 v.
759 3135 785 3186 g.
799 3134 847 3170 vos
856 3116 1002 3188 promiscue
1017 3136 1108 3172 omnes
1121 3121 1186 3172 sim·

152 3219 256 3288 pliciter
266 3217 371 3287 rejicere
381 3217 495 3284 linguam
509 3214 649 3278 Ebraeam,
662 3223 730 3277 eto,
743 3212 905 3284 tandemque
916 3231 1002 3264 meam
1013 3213 1089 3264 illem
1100 3213 1186 3283 hypo-

153 3313 241 3366 thesin
259 3312 367 3379 negabat
378 3308 553 3380 pertinaciter.
574 3307 689 3376 Negabat
699 3325 805 3379 quoque
816 3308 1029 3358 demonstrantes
1038 3314 1098 3357 tum
1108 3305 1188 3358 fuisse

154 3419 213 3460 turn
229 3423 283 3460 esse
298 3415 400 3477 paratos
415 3403 450 3454 ad
469 3401 623 3454 semaudam
639 3419 745 3471 pacem,
759 3419 820 3454 cum
830 3401 880 3472 ipsi
891 3402 920 3452 in
931 3409 975 3452 tot
984 3410 1067 3453 sectas
1077 3401 1132 3453 sint
1141 3400 1187 3453 di-

154 3504 218 3568 visi,
236 3519 263 3555 v.
282 3517 306 3569 g.
325 3501 355 3551 in
371 3498 538 3552 Annlnionos
553 3499 642 3550 stricte
659 3497 760 3563 dictos,
778 3497 932 3550 Vorstiaoos
946 3505 976 3549 et
990 3497 1184 3568 Episcopianos.

154 3596 209 3664 Ego
224 3595 298 3646 facile
314 3592 510 3664 respondebam.
538 3593 676 3647 Caeterum
691 3613 772 3667 quam
786 3605 878 3666 pacata
890 3581 1020 3646 bactensis
1036 3591 1089 3642 luit
1099 3602 1187 3643 vestra

154 3689 282 3753 Ecclesia,
299 3697 355 3740 tam
371 3697 459 3740 nostra
474 3691 567 3756 majori
581 3688 736 3741 distrahitur
751 3686 950 3758 inquietudine,
968 3705 1048 3757 quam
1066 3704 1186 3754 magnam

108 3845 119 3856 ·
155 3793 257 3855 partem
276 3791 407 3852 acceptam
425 3781 532 3834 ferimus
550 3788 599 3833 rer
620 3781 866 3847 curvamentum
880 3784 937 3834 reio
952 3781 1187 3846 Pseudo-Theolo-

155 3880 219 3947 gieo.
246 3877 389 3930 Vereamur
406 3893 421 3927 a
435 3873 564 3940 Pietistis,
582 3891 648 3948 quos
664 3886 773 3941 vocant,
791 3887 820 3930 et
834 3876 976 3929 Chiliastis.
1004 3876 1090 3944 Quom
1105 3879 1187 3930 velim

155 3989 202 4042 ego
217 3989 266 4026 nos
281 3972 389 4025 tandem
407 3987 498 4024 omnes
514 3970 549 4022 ad
565 3989 655 4024 veram
674 3989 784 4043 eamque
798 3973 873 4024 coelo
883 3970 1043 4025 arridentem
1055 3974 1187 4026 unitatem

156 4066 273 4138 pmduci.
302 4067 380 4119 Forte
397 4065 524 4118 Dominus
538 4065 681 4138 aliquando
697 4068 801 4137 piorum
816 4066 934 4137 precibiu
945 4079 1034 4121 motus
1044 4070 1126 4122 finem
1136 4071 1188 4122 im·

157 4165 287 4231 positurus
303 4172 342 4215 est
357 4161 398 4214 ilii
415 4159 560 4233 paradoxo,
579 4160 798 4234 quo‘Christianis
808 4179 862 4214 nm
873 4161 999 4216 adversus
1008 4163 1125 4232 Menos
1141 4164 1188 4216 sed

158 4255 316 4310 Christianos
328 4259 400 4310 venit
419 4255 595 4326 pugnandum.
634 4255 800 4326 Quamquam
817 4258 1009 4326 ascripturum
1029 4259 1188 4312 lrenicorurn
