2959 5284
576 495 776 560 -tst-

601 691 677 730 eaeor
694 677 767 732 XXI.

372 773 489 824 strecs
506 775 530 823 ιι
548 776 661 836 meum
678 774 818 824 tactuum
834 775 1001 825 ommam.

201 863 287 915 Homo
295 863 442 916 inEcclesia
449 863 584 918 Walonica
591 863 783 920 Amstelodomi
791 881 842 915 una
854 880 914 915 cum
924 862 968 915 die
978 863 1109 918 dominico
1119 870 1198 919 etiam

167 957 323 1011 sabbathum
332 956 490 1011 observavit.
502 957 700 1013 condemnatus
709 957 957 1029 estadperpetuum
965 977 1102 1028 cernerem
1111 973 1198 1032 postea

167 1051 288 1106 dimissos
298 1070 329 1105 ea
340 1051 491 1106 mnditione
502 1063 535 1106 ιιι
546 1053 612 1106 urbe
623 1055 716 1108 exiret.
736 1054 865 1124 Sequente
877 1066 946 1108 anno
957 1052 1010 1107 fuit
1020 1063 1164 1112 revocatus.

370 1187 372 1194 .
481 1155 483 1160 ’
583 1165 658 1200 cmm
676 1149 763 1202 XXII.

247 1247 350 1296 Goeetee
366 1247 493 1296 remundi
507 1247 691 1307 persecutionem
708 1245 753 1294 seb
770 1246 930 1294 emmanue
947 1245 1117 1296 nmmum.
1149 1252 1154 1301 ἶ
1193 1294 1196 1301 ,

81 1406 85 1412 ἱ
202 1337 319 1390 Libellos
334 1336 443 1407 supplex
457 1355 473 1388 s
487 1335 653 1404 synodorum
670 1335 977 1406 Haliandiaesseputatis
988 1334 1074 1389 Ordd.
1088 1335 1199 1392 uouere

167 1430 225 1483 dlee
242 1431 347 1488 oblatus
363 1441 454 1484 contra
470 1431 629 1484 Socinluuos.
661 1430 684 1483 A
697 1429 885 1483 Professoribus
900 1427 1072 1485 Leideusibus
1087 1430 1198 1485 Remm-

166 1533 276 1578 etmntes
292 1524 474 1578 Socinianismi'
488 1535 551 1578 sunt
566 1526 688 1580 accusati.
718 1525 833 1577 Conatus
846 1525 1030 1585 ministrorum
1048 1522 1199 1591 Trtjeeten·

166 1617 234 1671 sium
250 1617 402 1690 inquirendi
418 1620 630 1672 demonstrantes
641 1629 670 1674 et
681 1619 858 1675 Memonitas.
886 1617 1081 1672 Voetiuaidem
1090 1620 1199 1674 molitus

165 1723 207 1766 eat
222 1713 311 1766 habita
329 1711 507 1783 ᾶιιριιιιιιοιι
524 1713 559 1766 de
576 1715 672 1766 ιιοιιιιι
686 1715 797 1768 tuentis
807 1724 837 1767 et
847 1714 975 1784 serpentis
984 1713 1118 1768 haereseos
1128 1716 1199 1768 mtt-

166 1807 319 1860 trinitusiae.
347 1806 492 1860 Duodecim
507 1809 612 1861 articuli
623 1807 786 1862 Mennonitis
797 1807 888 1859 oblati.
916 1807 975 1858 Illis
986 1807 1145 1863 subacubere
1156 1825 1198 1864 rt·

166 1912 286 1954 cumntes
301 1905 373 1970 jussu
388 1901 552 1969 magittratut
561 1919 578 1953 a
586 1902 722 1958 *functione
732 1901 847 1955 muneris
858 1903 898 1953 sui
909 1902 992 1954 amoti
1004 1905 1073 1954 mut·
1093 1902 1199 1956 Proccess

141 2015 145 2026 ·
166 2013 209 2049 ιιιι
224 1997 346 2048 instituti·
357 1994 481 2050 adsersus
496 1997 709 2051 Remonstrantes
720 2007 809 2050 coetus
819 1995 950 2064 religiosos
962 1997 1121 2050 celebsmtes
1132 1997 1198 2064 Lug·

163 2087 234 2144 duni
247 2093 420 2158 Batuvommq'
435 2092 464 2143 lu
474 2092 597 2144 Zelandia
613 2102 703 2146 contra
719 2091 848 2144 Ioannem
862 2089 978 2143 Beci'um.
1007 2090 1126 2143 libellus
1136 2109 1198 2162 sup·
1211 2090 1213 2093 ’

138 2167 142 2172 ¹
165 2185 227 2256 plex
244 2187 424 2238 ministrorum
440 2187 469 2239 in
486 2186 576 2238 Friaie.
599 2183 725 2240 Edictum
736 2185 868 2240 Ordinum
879 2185 976 2238 Frisiae
988 2194 1079 2238 eontm
1089 2169 1200 2240 serino

166 2299 227 2346 nos,
246 2275 380 2346 Quakeros
394 2279 424 2333 et
440 2282 615 2334 Immemores.
657 2281 771 2348 Quidam
792 2281 821 2332 in
836 2281 919 2332 Frisia
935 2279 1028 2331 Curiae
1044 2279 1200 2342 Provinciuli

137 2441 141 2448 .
167 2370 291 2438 traditus,
305 2383 440 2444 tamquam
450 2373 618 2444 blasphemus
629 2374 787 2444 puniendus.
820 2373 898 2426 Curia
908 2391 972 2426 eum
981 2369 1157 2426 mundastis
1167 2379 1199 2428 nt

119 2531 122 2540 .
134 2521 138 2530 ,
167 2479 310 2534 errantem,
328 2478 356 2520 et
372 2479 404 2521 ut
421 2469 503 2521 talem
520 2467 630 2522 dimisit.
651 2470 786 2522 Processus
797 2478 887 2520 contra
896 2468 1048 2519 ministrum
1060 2450 1198 2518 Mennoni-

55 2626 59 2634 Ι
76 2583 79 2592 ’
90 2569 98 2584 “
168 2575 222 2618 tam
234 2565 262 2617 in
273 2565 477 2633 Transisalania3
491 2574 518 2618 et
530 2575 619 2618 contra
632 2576 721 2618 coetus
732 2565 924 2633 Collegiantum
935 2563 1090 2632 Groningae.

306 2722 307 2725 Ἴ
584 2678 659 2713 etrus
677 2661 777 2712 XXIII.

234 2757 366 2831 ostenditur
384 2758 569 2816 Resonoetcmm
588 2773 639 2806 esse
657 2761 801 2832 doctrinam,
820 2759 950 2807 haereticos
967 2758 1059 2818 plodio,
1080 2760 1135 2819 qtun

443 2860 466 2900 et
483 2854 564 2900 mortis
581 2854 695 2912 suppleto
713 2867 765 2900 esse
782 2854 930 2900 coercendos.

1 2953 2 2980 t
94 2985 105 3000 .
202 2944 293 2996 Plures
309 2942 432 2996 haeretici
449 2941 652 3015 approbantibus
666 2941 788 2995 Ecclesiis
797 2942 952 2996 Reformatis
964 2944 1198 3014 suntmortissup·

162 3039 245 3106 plicio
261 3038 357 3108 puniti.
393 3021 475 3089 Multi
492 3036 611 3089 doctores
626 3035 773 3089 doctrinam
790 3035 975 3108 hanepublice
989 3033 1145 3090 detendunt.
1175 3037 1200 3089 A
1281 3046 1285 3051 '

85 3137 143 3186 .'·
168 3133 254 3203 paucis
278 3131 456 3197 solummodo,
480 3142 509 3186 et
526 3150 580 3184 non
596 3133 645 3185 nisi
661 3134 733 3184 intra
748 3132 864 3202 privatos
882 3131 1006 3201 parietes,
1024 3130 1195 3200 im1srobatur.

92 3249 93 3256 ¹
119 3229 138 3286 ²,
167 3227 327 3280 Distinctio'
319 3237 389 3280 tuter
405 3226 563 3281 haereticum
581 3227 724 3298 simplicem
736 3235 763 3278 et
775 3225 963 3296 qualificatum.
986 3223 1067 3274 Besae
1080 3221 1199 3293 definitio

135 3309 140 3318 ⁵
167 3321 307 3386 haeretici,
319 3320 391 3373 unde
403 3321 488 3392 liquet
501 3339 591 3378 omnes
603 3337 656 3374 esse
668 3319 839 3391 qualificatos.
858 3316 1004 3385 Qualitates
1015 3315 1150 3367 haereticis
1161 3325 1198 3366 at·

168 3415 295 3467 tributae:
316 3419 340 3466 l.
352 3412 429 3481 Quod
445 3414 587 3484 impietatis
603 3431 663 3466 suae
680 3413 776 3466 ludum
792 3414 922 3484 operiunt.
941 3411 1114 3464 2.Factiones
1131 3412 1200 3462 exci-

168 3519 227 3562 tant
244 3511 273 3562 in
288 3509 411 3561 Ecclesia.
431 3507 665 3579 &llempublicsm
682 3507 802 3561 turbant.
820 3496 1005 3562 4.Pertinaoes
1017 3517 1080 3560 sunt
1096 3517 1125 3558 et
1138 3523 1199 3576 pro-

166 3605 225 3676 prio
241 3602 338 3672 judicio
355 3602 531 3657 condemnati.
562 3603 618 3656 Iloc
635 3603 800 3656 Reformatus
817 3603 851 3655 de
867 3605 943 3655 nullo
958 3602 1084 3654 affirmare
1102 3609 1198 3670 potest.

169 3698 370 3768 t.B1asphemi;
393 3715 529 3768 perperam
545 3697 574 3749 id
591 3697 626 3749 de
642 3697 777 3749 haereticis
793 3696 846 3747 dici
862 3682 1010 3748 ostenditur
1026 3693 1151 3764 exemplis
1168 3709 1200 3743 ex

170 3791 288 3845 doctrina
304 3792 337 3845 de
355 3793 397 3844 SS.
416 3793 562 3856 Trinium,
583 3800 610 3844 et
627 3790 872 3862 praedestinatione.
893 3791 922 3839 6.
934 3787 1083 3857 Apostatae.
1117 3785 1201 3837 Atrox

169 3886 274 3939 Schokii
293 3886 327 3941 de
342 3885 585 3940 demonstrantibus
600 3883 735 3953 judicium.
756 3887 783 3939 7.
793 3881 956 3936 seductores,
980 3881 1028 3932 Ius
1036 3880 1201 3948 Magistratus

170 3985 235 4036 circa
253 3999 322 4034 sacra
339 3983 367 4035 in
386 3980 492 4056 templis
511 3973 637 4050 publicis,
650 3973 684 4031 ¹et
701 3988 774 4051 extra
791 3975 846 4033 illa.
879 3973 1013 4029 Iudicium
1027 3974 1156 4028 Ecclesiae
1167 3992 1201 4026 an

170 4078 267 4147 obliget
279 4073 467 4146 Magistratum.
491 4075 516 4131 N
518 4091 551 4139 on
563 4083 650 4148 potest
662 4072 826 4146 Magistratus
837 4069 930 4127 edictis
941 4071 990 4123 sibi
1001 4073 1044 4144 jus
1055 4085 1201 4140 comparare

169 4171 311 4225 haereticos
321 4169 503 4244 persequendi.
523 4169 640 4230 libertas
651 4168 822 4242 consuentiae
830 4183 884 4222 uon
892 4165 1022 4238 permittit
1031 4164 1126 4218 babere
1138 4180 1201 4215 con-

171 4267 318 4334 scientiam,
332 4285 398 4340 quas
411 4268 475 4322 elios
486 4263 678 4337 persequendos
687 4279 742 4318 esse
755 4261 846 4317 dictat·
1084 4267 1090 4276 '
