2959 5284
269 485 301 526 Vt
743 496 826 510 --

271 643 367 720 nibil,
390 665 484 729 quam
498 645 844 726 praestantissimorum
863 647 1016 718 virorum,
1034 633 1112 726 qnos
1135 647 1305 726 magistros

271 754 424 832 habuere,
450 751 652 815 celeberrima
671 754 811 816 nomina.

315 866 432 931 Nescio
451 877 553 928 utrum
570 863 610 926 de
625 861 815 928 scholastica
830 861 1020 948 disciplina,
1033 865 1122 950 quali
1132 887 1206 928 usus
1226 874 1304 943 sim,

272 999 417 1067 umquam
430 976 475 1040 ad
487 990 516 1040 te
526 977 700 1058 retulerim·
715 983 745 1038 si
746 975 822 1062 jeci
839 974 949 1038 laudes
963 998 1005 1038 en
1020 998 1069 1039 me
1083 975 1232 1041 audivisti
1241 990 1306 1040 turn

267 1097 410 1159 ‚omnium
415 1102 670 1177 praeceptorum,
683 1099 747 1150 tum
751 1109 836 1174 prae
846 1094 979 1150 caeteris
989 1110 1122 1166 ursus,
1133 1095 1193 1152 viri
1202 1087 1305 1177 doct„

271 1209 326 1291 qui
340 1201 472 1264 literulis
485 1201 617 1264 Graecis
628 1199 812 1286 Latinisque
827 1198 998 1286 discipulos
1011 1222 1086 1262 suos
1097 1199 1234 1262 imbuere
1242 1222 1307 1262 non

272 1325 445 1394 contentus,
462 1312 535 1375 boni
549 1317 674 1400 verique
689 1332 839 1390 amorem,
856 1310 1051 1398 qruostagrat
1065 1319 1145 1398 ipse,
1157 1317 1191 1372 in
1200 1332 1308 1372 eorum

272 1432 388 1488 animis
406 1423 579 1487 accendere
596 1423 711 1488 studet.
749 1422 892 1486 Hectoris
907 1445 1028 1510 qnoque
1045 1421 1212 1505 Gymnasii
1225 1425 1309 1486 Am-

272 1535 531 1614 stelodarnensis,
554 1535 637 1598 doct.
655 1556 717 1598 ves
733 1555 893 1611 esrom,
910 1542 944 1596 in
956 1558 1006 1597 me
1020 1533 1263 1598 benevolentiam
1277 1545 1320 1596 et*

273 1657 386 1712 merita
400 1672 464 1712 non
473 1648 666 1736 praedicare
680 1669 744 1710 non
754 1669 897 1736 possum.
923 1645 1021 1735 'Circa
1031 1645 1114 1708 idem
1126 1640 1248 1736 tempus
1262 1653 1311 1710 nir

274 1757 406 1822 consult.
422 1781 504 1822 mss.
521 1781 562 1821 ns
577 1781 682 1840 vsms,
699 1781 782 1822 flues.
798 1781 857 1822 m.
870 1807 878 1833 ,
893 1771 944 1849 et,
961 1765 1019 1846 qui
1035 1757 1119 1820 diem
1130 1759 1203 1845 jam
1218 1756 1306 1838 obiit,
1370 1796 1372 1799 -

274 1871 357 1936 doct.
382 1894 522 1936 turem
537 1879 665 1958 privata
691 1893 751 1933 sua
773 1877 968 1934 institutione
988 1870 1117 1934 multum
1139 1893 1189 1944 me
1214 1869 1309 1956 odju-

275 1995 395 2048 verunt.
442 1981 527 2046 Hine
547 1981 592 2044 ad
612 1980 769 2069 ampliora
795 1983 903 2046 studia
920 1995 1098 2069 promotum
1119 1990 1153 2045 in
1171 1981 1312 2070 discipli·
1419 1982 1427 1992 “

275 2117 349 2157 nam
376 2087 425 2157 me
452 2107 637 2181 receperunt
667 2101 726 2159 virt
744 2094 822 2158 clar.
849 2118 974 2177 swens,
998 2117 1061 2159 vsu
1080 2116 1221 2177 nuens,
1247 2116 1310 2158 vsu

274 2229 410 2286 neusse,
441 2229 502 2270 osu
531 2229 611 2284 m,
642 2227 705 2270 vss
724 2230 822 2286 mnu,
845 2231 976 2272 saonae.
1025 2208 1170 2294 (luorum
1183 2206 1311 2294 μήπω

276 2325 472 2382 institutione
488 2341 548 2388 sua
567 2318 671 2403 eſjboit
691 2331 736 2382 ut·
747 2327 899 2382 ecornini
909 2328 945 2382 in
960 2319 1241 2383 matbematicisen
1254 2318 1311 2381 de-

277 2443 362 2496 creto
389 2438 477 2518 regio
501 2454 551 2494 me
579 2439 774 2494 committere
795 2454 939 2518 possem,
962 2444 995 2494 et
1012 2453 1204 2518 magnopere
1225 2429 1312 2493 dole·

278 2565 343 2620 rem
368 2566 419 2606 me
443 2549 510 2606 arti
531 2541 686 2626 Pbysicae
710 2565 775 2629 per
801 2542 1042 2608 boras‘tontum
1060 2541 1239 2609 subsecioas
1262 2552 1313 2607 in·

278 2655 421 2718 cumbere
435 2679 541 2742 posse.
567 2655 665 2719 Alter
680 2655 845 2718 historiam
856 2663 1049 2743 patriaemo
1066 2653 1193 2735 docuit,
1206 2655 1314 2718 stilum

278 2790 400 2857 quoque
414 2790 515 2830 meum
521 2766 672 2854 formare
686 2789 857 2855 aggressus
868 2781 936 2847 est;
951 2774 1046 2855 inque
1060 2765 1124 2830 illic
1140 2789 1189 2830 me
1204 2791 1314 2832 nume·

279 2889 362 2945 ravit
388 2879 567 2967 discipulis,
600 2903 678 2968 quos
705 2880 752 2944 ad
772 2888 933 2968 privatam
960 2903 1052 2944 suom
1087 2888 1315 2956 institutionem

279 2992 474 3057 admittebat.
502 2994 564 3056 Vir
571 2993 644 3080 suit
664 3015 785 3055 suntme
802 2992 903 3055 bonus
915 3005 947 3055 et
961 2992 1093 3073 doctus,·
1107 3000 1236 3079 ingenio
1248 3005 1315 3056 stu-

280 3103 402 3192 diisque
426 3102 581 3166 Clericum
595 3103 829 3192 ¹quodammodo
843 3106 987 3168 retulisse
1005 3105 1084 3168 mibi
1093 3105 1235 3184 videtum
1249 3117 1316 3168 tam

270 3217 344 3304 ficit
368 3223 454 3281 narie
473 3215 631 3293 emditns,
655 3228 720 3279 tam
741 3239 846 3280 rernm
870 3225 941 3279 asni
956 3239 1096 3303 parens,
1126 3229 1192 3279 tam
1206 3237 1316 3302 popu·

282 3328 372 3391 laris.
413 3327 515 3409 Huic,
539 3336 706 3392 immam
718 3328 798 3416 fato
814 3329 905 3395 nobis
924 3342 1057 3416 erepto,
1072 3335 1221 3392 succeseit
1233 3327 1314 3391 clar.

281 3461 466 3520 usuum,
481 3439 582 3526 sama
600 3448 684 3504 inter
699 3463 807 3508 onrnes
823 3440 970 3518 celebris,
988 3439 1080 3520 mibi,
1097 3441 1317 3530 infrequenti

244 3557 247 3564 “
276 3560 384 3641 patris
402 3559 695 3616 commemoratione
713 3567 746 3617 et
764 3577 806 3617 ec
816 3561 956 3617 carmine
971 3552 1208 3641 qnododillum
1215 3559 1317 3638 scrup-

281 3674 324 3729 sit
343 3687 482 3729 summus
505 3663 649 3745 Tollens,
667 3667 740 3753 jam
759 3689 782 3730 a
803 3689 904 3754 puero
925 3674 1089 3754 cognitum
1104 3688 1204 3754 quem
1220 3668 1317 3728 ettam
1378 3746 1380 3750 ,

282 3777 437 3862 affinitate
455 3774 621 3863 contingo,
636 3791 680 3841 at
696 3801 759 3867 qno
773 3779 884 3866 gradu
902 3786 1026 3856 nescio,
1050 3778 1211 3854 boo-scio,
1233 3785 1263 3842 st
1275 3800 1318 3840 eo

283 3887 497 3952 benevolentia
515 3899 662 3975 cognatio
683 3899 920 3954 existimaretur
928 3889 1038 3976 filium
1057 3890 1134 3976 ejus
1140 3867 1318 3975 patruelem

285 4021 333 4062 rne
357 4023 426 4064 esse
439 4001 544 4087 sbcile
574 4002 651 4065 inibi
674 4003 964 4090 persuasumsore.
1014 4003 1120 4088 Quam
1138 4010 1254 4066 eximie
1269 4009 1322 4066 cir

284 4111 360 4175 clar.
387 4111 484 4176 nobil.
511 4135 572 4176 vsu
600 4137 716 4178 usum
740 4115 786 4177 ad
807 4137 930 4178 ornnem
956 4115 1181 4178 humanitatem
1199 4137 1250 4177 me
1267 4123 1318 4176 in-

283 4231 438 4302 stituerit,
454 4247 523 4288 cnm
546 4226 714 4313 disciplina
733 4241 798 4290 tum
814 4226 957 4312 exemplo
975 4250 1052 4304 suo,
1067 4227 1160 4314 idque
1174 4239 1240 4291 ton
1253 4249 1318 4312 pu-
