2959 5284
565 435 744 498 ...31-

131 620 237 692 feeerit
263 617 497 692 Lintborohius.
554 618 677 684 Verum
706 615 817 706 paullo
841 634 912 704 post
939 642 972 682 se
993 641 1069 684 eum
1091 641 1164 684 stre-

130 756 216 801 ceesu
242 731 301 798 illa
327 733 375 816 uti
395 729 603 804 Hartsoekero
621 729 827 820 signifioavit‚
844 727 999 818 illamque
1019 730 1163 798 Voldem

128 847 227 913 etiam
250 843 382 932 aliisque
406 841 650 930 professoribus,
677 841 874 931 quibuscum
889 862 959 908 eam
982 846 1162 910 commani-

130 973 273 1040 caverat,
294 981 392 1046 quam
411 958 548 1025 maxime
564 981 629 1022 esse
649 955 827 1046 promtam.

174 1070 260 1138 Cum
277 1069 353 1136 hnic
370 1070 568 1160 paragrapho
583 1068 806 1150 inscriberem,
822 1066 1066 1134 Limboreltium
1080 1073 1164 1136 inter
1304 1151 1313 1160 ,
1408 1122 1412 1130 .

130 1183 384 1251 Remomtrantes
410 1199 576 1271 tamquam
597 1183 739 1268 primum
761 1181 843 1246 inter
865 1205 955 1268 pares
975 1207 1039 1247 esse
1057 1207 1164 1250 versa..

133 1313 203 1368 tam
211 1343 221 1376 ,
236 1295 278 1363 de
289 1293 472 1382 professoria
487 1293 618 1382 quidem
633 1291 785 1382 dignitate
801 1295 954 1384 cogitavi,
965 1318 1050 1384 quae
1065 1319 1164 1363 »aue-

133 1411 291 1484 toritatem
307 1405 356 1472 ilh'
371 1407 458 1495 apud
474 1431 547 1474 suos
564 1405 716 1494 parabat''
740 1403 895 1493 (Clericus
912 1407 948 1472 in
964 1408 1055 1473 Orat.
1073 1409 1161 1475 Fun.

132 1520 156 1591 l.
186 1519 310 1610 laud.)·‚
340 1509 455 1591 ve‘rttm
480 1543 548 1590 ιιοιι
573 1519 657 1587 hano
675 1516 776 1586 solam
797 1517 949 1584 intellexi.
998 1521 1038 1586 In
1055 1520 1165 1588 oculos

132 1636 265 1708 imanis
283 1635 450 1706 deorimm
471 1633 560 1721 quod
578 1631 620 1698 ab
640 1632 701 1698 hae
722 1649 811 1720 parte
825 1631 1069 1700 timbmehium
1077 1637 1166 1700 inter

131 1771 164 1819 st
190 1751 353 1820 Cderieum
380 1751 501 1818 factum
527 1765 584 1816 est.
642 1751 759 1832 Hune,
787 1753 1012 1840 peregrinum,
1033 1751 1164 1819 Genera

131 1867 307 1944 advenam,
337 1888 389 1940 ¹ne
418 1865 569 1930 sermonis
596 1863 728 1951 quidem
755 1859 873 1951 Belgiei
904 1865 975 1927 satis
1004 1865 1163 1950 peritum,

132 1987 255 2066 semper
272 1978 440 2065 sttspa'eiose
456 1976 564 2040 intuiti
581 1990 657 2040 stmt
673 1974 948 2056 Remomnmtes3
965 1974 1077 2040 multis
1086 1976 1166 2041 adeo

132 2093 229 2182 mgis
249 2089 400 2157 toleratus
420 2087 482 2154 furt
499 2106 629 2176 propter
646 2105 806 2152 stammam
825 2087 985 2152 doctrinae
1005 2107 1167 2176 praestan-

9 2273 13 2286 ,
133 2207 213 2275 tiam
231 2221 424 2296 propterque
445 2201 642 2269 Limborohii
659 2217 690 2265 et
706 2197 846 2265 aliorum
862 2201 1050 2285 amicitiam,
1068 2226 1169 2292 qaum

134 2314 268 2384 dileotus
285 2317 469 2405 estmagni
489 2312 629 2378 habitus.
668 2310 788 2393 illum,
803 2313 962 2398 Episoopii
982 2319 1171 2405 consangni-

134 2451 252 2511 nmm,
282 2428 363 2494 tanti
381 2425 543 2508 feserunt,
566 2441 603 2490 ut
626 2439 657 2488 et
674 2426 709 2490 in
731 2422 884 2489 omnibus
903 2446 1053 2515 magnam
1071 2429 1101 2490 ei
1122 2445 1172 2492 ata

134 2542 313 2610 tribuerent
337 2543 555 2607 auctoritatem
582 2557 613 2604 et
638 2563 686 2604 res
707 2539 749 2604 ad
770 2538 970 2627 disciplinam
989 2539 1170 2610 eeclesiasti-

131 2680 202 2722 ottm
230 2657 421 2744 pertinentes
448 2655 491 2722 ad
514 2655 610 2718 unius
629 2651 730 2718 ferme
750 2649 836 2733 iilius
854 2654 1059 2741 prudentiam
1081 2679 1169 2722 com-

131 2783 299 2856 ponerent.
347 2765 476 2832 Adsunt
497 2789 606 2830 rerum
628 2767 853 2844 'testimoniam
865 2766 1071 2853 epistolarum
1083 2766 1171 2834 oom-

131 2881 250 2946 meocio
279 2878 368 2968 quod
399 2900 475 2942 oum
503 2879 595 2941 variis
626 2875 753 2941 habuit„
805 2875 913 2945 Multa
944 2876 1063 2943 afferre
1096 2893 1171 2945 eum'

132 3013 255 3080 possem
283 2988 413 3056 afferam
442 3011 555 3077 panea.
612 2989 652 3053 In
679 3011 793 3079 genere
822 2993 1095 3076 praemonendum
1125 3010 1170 3058 est

134 3103 379 3170 Limbomhium
397 3103 594 3192 qtmmtionoe
614 3103 655 3167 de
674 3101 794 3191 quibus
811 3103 855 3167 ad
873 3104 978 3190 ipsun
1000 3105 1172 3170 referretur

138 3217 182 3284 sic
205 3216 350 3282 dirimere
374 3213 504 3282 solitum
526 3213 637 3292 fuisse,
658 3232 697 3279 ut
718 3217 861 3303 primmn
881 3239 1004 3302 semper
1022 3218 1171 3308 cogitaret

134 3330 319 3418 numquid
340 3347 417 3394 esset
439 3328 556 3394 Christi
577 3325 846 3415 Apostolorumve
867 3326 987 3392 dehoc
1007 3328 1059 3394 vel
1074 3330 1170 3397 simili

133 3467 210 3510 oastt
227 3459 454 3530 praeseptum,
465 3442 530 3507 sive
542 3441 647 3508 verbis
660 3439 744 3509 iltud
757 3444 971 3508 enuntiassent
983 3444 1049 3508 sive
1062 3467 1172 3510 exem-

134 3555 192 3646 plo
210 3557 268 3644 ipsi
290 3579 348 3620 suo
366 3555 539 3636 dedissem
561 3555 635 3620 dein
648 3555 807 3643 Episoopii
821 3571 1081 3644 etetmontmque
1095 3577 1170 3621 stro-
1260 3633 1270 3644 Ι

135 3691 213 3744 rum
231 3669 430 3734 deesssomm
449 3669 564 3755 scripta
593 3666 797 3749 eonsutehat,
823 3669 867 3731 ita
889 3684 997 3732 tamen
1020 3684 1057 3732 ut
1081 3691 1171 3734 oom-

135 3805 269 3848 mttnem
297 3781 461 3846 universae
488 3775 651 3844 Eoelesiae'
679 3777 874 3843 Christianae
909 3782 1169 3846 consuetudinem

136 3915 203 3960 non
235 3890 426 3983 negligerem
458 3908 530 3956 tum
557 3892 622 3978 ipse
642 3913 773 3981 quoque
801 3915 859 3956 suo
882 3893 988 3957 Marte
1009 3919 1078 3958 rem
1096 3917 1171 3982 per·

137 4004 307 4094 pensabat,
330 4027 436 4093 neque
454 4019 580 4070 tantum
599 4006 681 4094 quid
703 4029 761 4093 per
778 4007 1039 4092 sejustumesset‚
1055 4031 1170 4072 rernm

137 4120 233 4184 etiam
255 4117 337 4207 quid
353 4135 419 4205 'per
443 4133 639 4205 praesentem
663 4141 772 4184 rerum
796 4119 1011 4185 conditionem
1036 4119 1116 4186 utile
1137 4138 1171 4184 et

138 4254 295 4319 aequum,
318 4229 509 4317 deputabat3
534 4230 689 4319 denique,
712 4231 736 4295 si
756 4235 937 4318 praesertim
957 4231 1080 4321 aliquid
1102 4257 1171 4296 ma*
