2959 5284
721 458 900 521 ...89-

309 665 391 707 sores
407 644 588 731 proposuit,
613 640 667 705 illa
687 643 818 706 minoris
841 639 906 704 fere
931 655 1008 704 sunt
1024 639 1176 703 momenti
1205 659 1283 724 prae
1307 639 1344 701 iis

311 776 394 843 quae
411 756 557 818 omnium
582 755 764 818 communia
784 750 927 817 suerunt.
981 751 1123 817 Maxima
1140 751 1285 837 inprimis
1309 751 1344 814 in

311 867 486 954 Episcopii,
510 864 704 948 Curcellaci,
721 864 937 945 Limborchii,
953 863 1196 930 Cattenburchii
1217 865 1346 928 institu-

312 977 452 1044 tionibus
470 976 652 1069 theologicis
675 980 816 1042 cemitur
832 979 1034 1068 ingeniorum
1053 992 1222 1041 auctorum
1241 977 1347 1040 affini-

222 1159 225 1164 ,
311 1108 358 1155 tas
384 1107 416 1155 et
440 1116 525 1156 unus
552 1093 642 1181 quasi
667 1089 756 1156 color
781 1114 848 1180 quo
868 1107 983 1159 cuncta
1005 1107 1103 1180 atque
1119 1088 1244 1181 singula
1262 1113 1347 1180 quae

312 1219 449 1268 tractant
466 1202 591 1269 imbuta
607 1219 693 1268 sunt.
719 1203 845 1293 Itaque,
863 1219 902 1267 ut
920 1224 990 1268 rem
1006 1205 1140 1291 pressius
1153 1227 1295 1293 agamus,
1311 1205 1345 1268 in

312 1313 449 1407 Prologo
465 1317 602 1382 vidimus
619 1314 722 1406 qualis
737 1314 912 1408 Theologia
925 1315 982 1381 illo
1003 1335 1080 1382 aeto
1097 1316 1344 1397 desiderarem,

313 1430 394 1518 quid
421 1454 439 1494 a
467 1428 672 1495 Limborchio
700 1430 871 1518 exspectari
897 1431 1037 1517 potuerit
1066 1431 1101 1494 in
1128 1429 1222 1494 Parte
1238 1430 1347 1494 Priore

314 1542 538 1623 indicavimus,
572 1543 652 1630 quid
678 1539 733 1606 ille
763 1542 953 1630 praestiterit
980 1544 1045 1628 jam
1065 1539 1344 1614 considerabimus.

314 1655 400 1719 Amo
421 1656 454 1719 in
474 1653 530 1719 tali
547 1655 762 1745 disquisitione
781 1653 857 1720 libri
872 1656 1128 1743 inscriptionem,
1143 1656 1166 1720 i.
1187 1680 1215 1720 e.
1237 1671 1350 1720 aucto-
1406 1631 1415 1645 ο

313 1790 382 1830 rem
394 1768 498 1854 ipsum
508 1783 649 1832 mentem
660 1791 751 1834 suam
763 1765 988 1851 declarantem,
1005 1765 1182 1851 consulere,
1197 1770 1255 1858 qui
1268 1769 1349 1858 quid

313 1879 373 1945 sibi
403 1883 602 1970 proposuerit
630 1897 704 1946 ante
731 1882 837 1945 omnia
866 1883 1031 1947 sciendum
1056 1897 1121 1965 est,
1144 1883 1220 1946 dein
1236 1897 1350 1946 utrum

313 1993 410 2066 fuerit
429 2011 595 2088 assecutus.
620 1993 845 2062 Limborcbius
857 1997 966 2084 tuque
984 1994 1088 2062 voluit
1100 1988 1150 2061 ut·
1161 2019 1241 2082 opus
1252 2019 1351 2064 suum

313 2123 405 2180 esset:
436 2109 610 2194 Theologia
630 2105 833 2184 chrisum,
859 2107 906 2171 ad
917 2115 1043 2193 praeta
1055 2115 1196 2195 pietatis
1214 2130 1257 2172 ao
1270 2131 1352 2195 pro-

315 2227 483 2284 motionem
505 2224 600 2306 peris
627 2215 829 2285 clintum
846 2227 937 2285 unice
956 2218 1087 2284 attrecta.
1136 2219 1194 2284 His
1212 2241 1351 2288 consona

210 2379 213 2382 -
314 2349 360 2398 est
372 2330 542 2420 praefatio,
559 2347 668 2420 estque
683 2331 780 2418 ipsius
795 2332 898 2419 operis
913 2333 1005 2396 ratio.
1030 2331 1115 2398 Nam
1131 2333 1258 2402 uti‘nec
1273 2355 1351 2423 pro-

315 2445 423 2512 fitetur
440 2444 664 2513 Limborcbius
681 2443 833 2510 omnibus
851 2446 993 2515 numeris
1008 2442 1194 2515 absolutum
1202 2462 1351 2535 systema,

316 2558 412 2646 quale
432 2556 530 2646 urigo
549 2557 754 2640 tradebatur,
779 2580 811 2622 se
833 2558 1068 2645 conscripsisse,
1092 2557 1136 2622 ita
1156 2581 1266 2625 revera
1284 2561 1352 2647 ejus

316 2666 491 2758 Theologta
512 2688 579 2734 non
600 2665 1004 2758 scholastico-systematica
1020 2685 1067 2735 est
1083 2669 1137 2736 sed
1154 2668 1292 2753 Bittio,
1305 2687 1352 2738 est

316 2802 412 2872 porro
423 2783 578 2872 practica3
601 2797 647 2846 est
663 2791 798 2871 ‘quoque
816 2782 943 2849 irenica.
968 2781 1079 2871 Longo
1091 2804 1165 2858 sane
1178 2783 1242 2856 boc
1259 2784 1351 2851 lim-

315 2877 440 2964 borchii
469 2897 653 2964 insciorum
678 2893 720 2962 ab
737 2891 922 2985 aequalium
940 2893 1269 2979 studiisdiscedehat,
1293 2897 1351 2986 qui

316 3023 489 3092 systemata
516 3008 580 3074 fere
608 3000 993 3094 scholastico-theologica
1013 3007 1219 3089 condebant,
1251 3032 1353 3098 etque

318 3121 476 3186 ιίἰᾱαοῐίοα
495 3135 591 3209 atque
603 3119 762 3207 polemico
775 3120 801 3184 ¹.
827 3119 916 3201 Quae
932 3135 1020 3187 tanta
1043 3137 1139 3188 estet
1161 3139 1229 3190 tam
1246 3124 1351 3190 meni·

317 3233 393 3300 festa
413 3234 590 3317 diversitas,
608 3249 646 3297 ut
662 3255 729 3298 non
743 3217 799 3297 ibs
813 3256 848 3296 re
862 3231 1002 3297 facturus
1016 3233 1096 3298 mihi
1112 3236 1221 3300 videar
1235 3238 1260 3301 si
1274 3237 1353 3302 baec

318 3349 378 3410 tria
394 3348 604 3434 potissumum
619 3346 654 3408 in
668 3344 855 3446 e3ponendo
870 3344 910 3409 de
922 3344 1119 3411 Limborchii
1134 3371 1229 3436 opere
1249 3365 1353 3415 atten-

319 3459 407 3548 dam,
421 3456 508 3546 quod
519 3453 613 3520 fuerit
623 3454 709 3520 illius
720 3454 895 3548 Theologia
905 3456 1039 3543 Biblica,
1049 3459 1202 3543 practica,
1217 3461 1350 3526 irenica.

357 3704 368 3736 ¹
384 3705 490 3754 Primum
505 3675 594 3764 prodiit
611 3700 756 3752 Limborchii
772 3699 902 3760 Thooiossia
916 3713 981 3748 auno
998 3699 1077 3750 1666.
1106 3700 1203 3750 Annum
1216 3712 1276 3752 ante
1288 3704 1354 3754 Vite·

321 3803 411 3860 borgar
430 3795 592 3852 oucnuedun
608 3794 799 3852 edideratsuam
813 3794 961 3856 fleotomum
973 3797 1254 3856 didmticopoiemtcom,
1267 3813 1290 3848 a.
1303 3813 1354 3859 tyr·

319 3904 380 3946 tm
397 3891 556 3950 Theoioaictm
569 3893 593 3938 in
606 3891 666 3938 duae
680 3892 792 3947 motiones
806 3892 944 3943 didmcm
957 3898 980 3938 et
993 3891 1133 3951 polonicum
1148 3893 1263 3952 dutum,
1283 3894 1355 3956 cujus

320 3989 395 4040 editio
409 3991 501 4048 ‚quarta
518 3984 607 4044 prodiit
621 3997 685 4032 anuo
705 3985 790 4041 1116,
808 3983 896 4033 eodem
911 3999 961 4046 quo
979 3985 1126 4041 Limborchii
1137 3987 1270 4049 theologia
1280 4001 1355 4049 ottar-

320 4091 372 4132 tum
387 4088 426 4130 ert
438 4079 514 4128 edita.
548 4078 617 4128 Anno
630 4078 713 4130 itidem
732 4077 801 4136 1686
814 4079 931 4129 ,ioannes
948 4080 1070 4129 Marciius
1090 4070 1227 4142 tronum
1249 4083 1355 4143 prinum

320 4180 345 4228 tn
367 4177 448 4226 lucem
468 4173 549 4224 emisit
568 4171 732 4234 Campanorum
753 4173 891 4234 rucuma
915 4173 1060 4223 cinerum
1077 4175 1354 4235 wormaciam,

319 4274 422 4323 inmixtis
440 4268 623 4330 problematibus
639 4269 760 4330 plurimis,
781 4277 802 4317 et
821 4269 994 4329 quaestionibus
1010 4271 1174 4325 recentioribus
1189 4274 1324 4324 ademerint.
