2959 5284
731 502 930 565 -llss-

312 690 383 756 setis
397 688 563 754 turbatum
582 711 656 753 esse.
682 687 793 776 Cupite
812 687 899 752 eninr
912 681 1026 774 quinto
1043 707 1101 749 nos
1114 684 1225 748 docuit
1238 686 1348 750 omnia

312 799 566 868 Christianorum
575 801 676 866 officis
691 801 726 866 in
738 798 803 864 fide
817 821 855 864 sc
873 798 1082 886 resipiscentia
1096 797 1277 878 consistere3
1292 796 1347 863 hic

311 937 386 980 vero
420 913 462 1000 (c.
490 914 532 994 8,
558 913 577 996 §
609 913 662 1001 l),
698 929 869 1000 postquam
900 909 941 974 de
970 907 1144 974 virtutibus
1169 906 1347 976 intellectus

311 1026 410 1109 dixit,
433 1048 543 1090 rursus
563 1024 604 1090 ad
621 1023 719 1090 fidem
734 1040 767 1088 et
787 1022 1030 1110 resipiscentiam
1050 1021 1203 1103 recurrit,
1227 1021 1347 1112 quibus

310 1164 421 1208 omnes
436 1138 609 1207 voluntatis
629 1140 763 1204 virtutes
778 1137 933 1204 crondneri
950 1136 1038 1204 dicit.
1062 1133 1170 1225 Auget
1186 1133 1349 1202 confinio-

310 1277 386 1320 nem
406 1253 495 1344 quod
514 1250 596 1318 inira
617 1252 714 1320 etiem
734 1250 905 1339 (Lib‘VI‚
925 1251 1009 1331 cd,
1033 1249 1111 1332 §29
1125 1248 1215 1338 sqq.)
1226 1249 1267 1313 de
1280 1248 1346 1316 fide

309 1366 384 1455 agit,
395 1382 561 1454 tamquam
579 1365 684 1440 medio
700 1365 734 1434 in
755 1362 849 1429 nobis
865 1363 906 1430 ed
916 1362 1169 1451 justificationem
1179 1362 1344 1449 requisito,

309 1477 419 1567 ibique
440 1479 546 1547 denuo
564 1480 635 1542 setis
653 1474 723 1544 first
739 1500 811 1542 cem
823 1475 982 1544 describit.
1007 1473 1078 1540 Aut
1096 1472 1257 1541 lalloraut
1268 1495 1346 1540 cum

309 1592 344 1656 in
360 1587 543 1678 aequalium
563 1590 604 1656 de
622 1588 686 1656 fids
701 1590 855 1658 sententis
872 1586 1086 1677 multiplicem
1098 1603 1279 1678 egnosoeoet
1292 1607 1346 1650 er-

308 1711 431 1785 rorem',
449 1703 513 1790 ipse
525 1713 633 1770 tamen
649 1723 765 1768 verum
775 1725 833 1789 per
846 1698 1015 1768 intervalla
1030 1702 1137 1788 potius
1150 1700 1231 1766 vidit
1242 1719 1346 1787 quem

309 1835 375 1882 uno
397 1813 516 1882 obtutu
533 1811 717 1902 complexus
735 1813 902 1881 eststttne
919 1835 980 1879 nec
1002 1836 1126 1902 semper
1144 1811 1205 1878 sibi
1222 1826 1346 1881 constat

308 1943 339 1992 et
358 1927 521 1996 interdum
538 1951 575 1996 es
587 1927 668 1995 dixit
688 1951 784 2016 quae,
799 1927 860 1993 nisi
874 1950 952 2007 cum
968 1925 1038 1993 aliis
1053 1927 1094 1992 de
1107 1925 1219 1992 ecdem
1236 1924 1298 1993 bec
1310 1949 1346 1990 re
1409 2012 1414 2018 .

307 2038 408 2108 effatis
425 2055 681 2128 componantur,
702 2040 824 2108 mirum
839 2055 956 2107 sonant
975 2039 1172 2126 durumque.
1197 2035 1345 2106 Profecto

307 2173 448 2240 requum
468 2168 514 2218 est
532 2176 591 2218 nos
609 2175 732 2242 semper
749 2152 927 2219 meminisse
944 2152 1093 2239 antiquos
1114 2149 1345 2215 Remonstran·

308 2278 353 2328 tes
377 2264 497 2352 primos
523 2263 588 2330 fere
615 2263 708 2332 fuisse
734 2264 792 2354 qui
816 2261 1026 2353 Theologiam
1050 2262 1271 2353 Dogmaticm
1305 2287 1344 2328 ex

306 2373 496 2445 Scholastica
525 2375 753 2469 Evengelioom
777 2375 879 2445 facere
903 2392 1116 2458 conarentur,
1144 2375 1252 2464 iraque
1272 2373 1344 2442 illos

305 2485 396 2556 facile
416 2491 452 2556 in
468 2514 551 2556 nova
575 2515 674 2580 quam
698 2491 941 2580 ingrederentur
966 2491 1018 2578 vis
1034 2487 1196 2564 offendere
1217 2505 1274 2554 aut
1291 2513 1343 2555 cr·
1468 2560 1469 2597 3

230 2629 235 2642 ·
305 2625 375 2668 rere
394 2619 451 2668 aut
469 2603 549 2690 pede
568 2605 675 2670 minus
696 2603 791 2668 firmo
809 2601 979 2691 procedere
999 2601 1267 2691 potuisse3quod
1281 2602 1342 2667 nisi

304 2711 469 2786 fecerimus
484 2712 577 2780 nullo
596 2716 724 2805 negotio
741 2712 847 2781 -multe
864 2715 972 2780 minus
985 2715 1168 2804 'prudenter
1186 2731 1243 2780 aut
1262 2737 1342 2780 oon·

304 2843 496 2900 sterterent
511 2827 675 2916 perspicue
688 2827 773 2895 dicta
791 2852 831 2894 ex
844 2826 977 2894 illorum
990 2829 1113 2917 scriptis
1130 2846 1296 2915 excerpere
1309 2844 1341 2892 et

305 2940 338 3006 in
354 2941 459 3006 nescio
479 2939 570 3029 quod,
586 2955 721 3030 systema
739 2963 908 3031 congerere
923 2964 1100 3028 possumus.
1128 2940 1225 3023 Quod
1240 2938 1341 3006 facere

304 3049 406 3118 solent
423 3053 482 3139 qui
500 3049 572 3116 illos
586 3051 762 3118 detestandi
780 3053 975 3118 oooesionem
990 3068 1162 3141 quaerunt.
1187 3053 1251 3136 Qui
1264 3077 1340 3120 vero

305 3162 344 3227 de
364 3159 495 3232 illorum
511 3162 689 3246 conatibus,
711 3165 733 3230 i.
754 3189 783 3230 e.
808 3165 849 3231 de
868 3165 1048 3230 recentioris
1062 3163 1256 3257 Theologiae
1275 3169 1340 3232 ori-

303 3273 431 3366 ginibus
445 3275 623 3365 initiisque,
637 3300 655 3341 e
674 3301 750 3344 vero
767 3278 943 3344 existimare
959 3278 1068 3365 cupit,
1088 3274 1145 3342 illa
1162 3281 1267 3366 potius
1289 3281 1339 3346 di-

303 3385 436 3478 ligenter
456 3389 625 3479 conquiret
644 3412 727 3478 quae
747 3391 783 3454 in
803 3412 917 3456 eorum
937 3390 1060 3479 scriptis
1077 3393 1246 3479 praecipue
1264 3411 1339 3460 sunt

302 3516 335 3566 et
360 3521 434 3568 uere
454 3502 695 3592 prudenterque
721 3505 854 3568 monita.
901 3502 1098 3568 Limborchii
1123 3504 1163 3570 de
1183 3503 1252 3586 fide*
1266 3530 1338 3572 sen-

303 3617 420 3702 tentia,
452 3633 491 3682 ut
517 3617 559 3684 ad
586 3639 654 3684 rem
679 3633 822 3682 nostram
848 3633 1064 3702 revertamur,
1092 3617 1208 3707 procul
1236 3619 1338 3689 dubio

302 3731 421 3817 optime
438 3730 638 3820 cognoscitur
656 3753 695 3797 ex
712 3727 770 3795 illo
789 3726 860 3794 loco
880 3753 959 3820 quo
968 3730 1041 3798 data
1056 3755 1152 3821 opera
1170 3731 1263 3800 illam
1281 3756 1338 3800 ex·

300 3846 421 3933 posuit,
446 3845 468 3910 i.
493 3867 522 3910 e.
545 3845 619 3910 Lib.
641 3845 695 3926 V5
725 3867 755 3912 c.
779 3846 801 3912 8
821 3869 893 3936 sqq.
941 3846 1056 3914 Fidem
1075 3849 1173 3940 igitur
1205 3851 1250 3916 sic
1280 3850 1337 3916 de-

300 3957 409 4024 scribit
422 3957 470 4046 (c.
484 3957 561 4040 8',§
576 3959 635 4046 ;5):
660 3981 751 4026 »nou
770 3975 898 4026 tautum
914 3976 962 4028 est
979 3962 1117 4052 cognitio
1135 3976 1167 4026 et
1183 3983 1335 4042 assensuS,

301 4069 683 4158 quo'rredimusdesum
709 4095 773 4138 esse
798 4071 982 4153 Christum,
1011 4076 1211 4165 unicumque
1229 4099 1249 4140 a
1267 4074 1336 4138 Deo

300 4177 721 4256 Salvatorem'oonstitutum
739 4184 886 4253 omnium
905 4187 963 4274 qui
985 4204 1023 4252 ex
1050 4186 1217 4279 Evangelii
1242 4210 1336 4274 prae-

299 4295 533 4382 scriptorium
550 4297 741 4379 instituunt3
758 4297 812 4364 sed
833 4299 928 4364 etlam
947 4297 1081 4379 fiducia,
1096 4325 1161 4390 qua
1180 4303 1214 4366 in
1230 4302 1335 4387 ipsum
