2959 5284
584 502 786 562 -133-

164 680 236 730 wiert
253 678 305 730 den
325 680 411 732 Vader
426 683 454 731 in
467 686 515 748 siju
535 699 644 750 persoon
656 680 853 748 sengemerckt‚
867 682 961 749 gestelt
973 693 1049 749 tegeri
1061 683 1193 734 Christum

164 773 201 824 als
217 771 301 840 sijnde
319 791 367 826 een
383 785 471 842 gerant
486 774 587 838 Godts,
606 787 646 826 en·
656 793 705 827 een
721 773 938 841 gedetermineert
955 776 1018 845 nJck
1035 795 1070 828 en
1087 794 1135 828 een
1148 776 1195 828 bc-

163 866 256 935 pselde
269 867 358 919 macht
369 868 517 922 hebbende.
537 868 584 920 lck
596 869 715 922 versoeht
729 869 775 920 dat
787 875 832 938 ml]
845 870 888 922 die
901 873 984 941 plaets
994 881 1101 939 gctoont
1114 869 1194 922 soude

163 961 281 1025 werden,
295 963 366 1014 slsoo
378 962 420 1016 ick
433 963 476 1015 die'
487 965 516 1015 in
528 963 562 1016 de
573 963 678 1031 gelteele
690 964 831 1034 prediestie
842 967 899 1017 niet
910 966 972 1018 lost
982 965 1090 1017 vinden.
1120 965 1194 1016 Doen

164 1055 184 1107 't
201 1058 227 1107 ul
245 1073 288 1108 orn
304 1075 397 1128 quem,
417 1056 492 1110 trock
508 1075 569 1109 men
589 1058 609 1110 ’t
621 1059 683 1110 daer
694 1063 758 1126 uijt,
772 1059 863 1112 omdut
874 1061 1023 1131 Episcopius
1034 1061 1078 1110 wil
1089 1059 1194 1112 hebben

164 1149 211 1202 dst
222 1143 284 1203 men
300 1150 334 1204 de
349 1151 471 1205 woorden
487 1152 584 1203 Christi
600 1154 670 1204 alsoo
686 1163 758 1204 moet
770 1155 857 1206 lesen:
872 1161 913 1206 dot
923 1158 953 1219 κῇ·
965 1173 981 1204 u
992 1159 1079 1204 temen
1089 1160 1127 1204 ἀεὶ
1138 1161 1196 1206 decr

163 1251 204 1311 s'q't
211 1253 256 1298 den
267 1253 360 1310 eeniyen
371 1251 540 1310 moncellum
554 1251 630 1312 θοῶς
644 1255 713 1298 went
725 1247 789 1298 stelt
800 1247 835 1314 hij
848 1247 901 1299 den
907 1247 996 1300 Vader
1007 1257 1049 1298 tot
1060 1247 1114 1300 den
1122 1250 1195 1300 eeni·

162 1359 211 1408 gen
228 1341 414 1408 waerachtigen
424 1341 513 1405 Gon,
530 1359 573 1392 soo
587 1342 657 1408 sluijt
670 1340 705 1408 hij
719 1339 772 1392 den
785 1341 854 1392 Soon
865 1345 929 1410 uijt3
944 1340 987 1394 ick
999 1340 1136 1394 ontkende
1147 1342 1195 1393 dat

163 1435 209 1487 dat
226 1435 347 1503 volghde.
385 1435 556 1488 lloornbeeck
573 1435 665 1488 scheen
682 1437 730 1490 wel
749 1436 795 1489 dat
813 1435 860 1488 bet
876 1437 1005 1500 merckte,
1020 1456 1053 1488 en
1066 1437 1195 1505 vrneglrde

163 1533 207 1598 mij
225 1549 273 1582 nne
291 1531 324 1583 de
341 1530 479 1598 meeniugh
491 1532 620 1602 Episcopii
632 1549 683 1584 van
702 1531 735 1584 de
747 1549 857 1602 persoon
868 1532 979 1597 Christi;
994 1531 1036 1583 iel
1048 1537 1121 1600 seijse
1132 1533 1194 1585 bem

163 1643 207 1678 soo
226 1631 254 1692 sij
274 1627 303 1676 in
321 1625 355 1677 de
367 1628 449 1678 lessen
467 1626 595 1696 Episcopii
611 1636 690 1678 stret:
710 1626 773 1678 dser
784 1627 871 1679 vielen
883 1628 971 1694 eenige
982 1627 1105 1680 woorden
1116 1645 1193 1693 over,

162 1739 195 1772 en
211 1720 231 1771 't
249 1739 298 1771 was
318 1721 356 1771 elf
370 1739 449 1785 uren,
471 1725 511 1788 jae
523 1721 544 1771 't
563 1721 666 1772 duurde
683 1722 709 1771 ul
726 1732 777 1773 wat
789 1740 838 1773 nse
849 1721 889 1773 eli
897 1741 975 1788 uren;
987 1741 1020 1774 en
1030 1723 1195 1792 sooscbeijdc

163 1813 205 1866 ick
218 1813 280 1866 dser
292 1820 350 1882 uijt.
388 1807 454 1866 Veel
466 1815 609 1883 bljsonders
619 1814 758 1882 geschiede
770 1815 832 1866 daer
843 1817 914 1878 niet,
928 1818 1000 1867 alsoo
1011 1821 1040 1884 sij
1053 1817 1195 1885 doorgaens

162 1909 224 1962 lraer
245 1907 315 1960 oude
336 1925 427 1976 seggeu
448 1907 629 1978 repeteerden‚
654 1926 697 1960 soo
714 1909 762 1960 dat
776 1910 825 1961 wel
843 1911 949 1961 sesmuel
967 1910 988 1960 ’t
1004 1911 1086 1962 selide
1107 1917 1196 1980 geseijt

129 2065 132 2072 ,
162 2007 244 2060 wiert.
282 2007 423 2058 llierrnede
440 2005 620 2074 eiJndigende,
640 2006 748 2059 beveele
763 2006 807 2058 iclr
819 2007 852 2057 U.
866 2006 898 2058 E.
913 2008 941 2059 in
953 2006 987 2059 de
998 2007 1138 2075 genaedige
1149 2009 1196 2062 be-

162 2101 321 2169 soberminge
333 2101 379 2153 des
392 2099 632 2168 Alderlrooghsten,
646 2117 746 2154 nereus
756 2099 791 2153 de
802 2102 931 2168 groetsnis
943 2119 992 2153 aen
1004 2102 1056 2154 alle
1066 2121 1118 2155 san
1131 2108 1195 2172 mljn

165 2195 257 2264 hospes
268 2213 302 2248 en
313 2195 429 2266 hospita,
443 2215 477 2248 en
488 2199 533 2262 mij

454 2315 487 2365 U.
498 2315 530 2367 E.
545 2314 743 2381 Onderdaenige
755 2316 823 2366 Soon
835 2314 969 2385 Philippus
982 2335 1033 2366 van
1046 2315 1194 2367 Linrborclr.

165 2409 195 2458 ln
209 2407 335 2476 Uijtrecht
349 2407 427 2460 desen
440 2411 483 2460 θ’·
495 2408 569 2480 April
585 2411 661 2460 1654.

623 2570 748 2592 mooe—-

479 2707 802 2779 APPENDIX
840 2711 880 2778 B.

589 2833 768 2900 (runos).

642 2967 711 2978 -ι-

198 3054 267 3107 Ante
284 3055 371 3104 omnis
387 3053 525 3104 verborum
544 3067 660 3114 sensum,
681 3067 748 3122 quae
766 3049 902 3100 tractanda
918 3050 1052 3116 eligimus,
1067 3051 1195 3120 percipere

163 3157 280 3218 oportet3
301 3150 362 3220 quia
376 3147 470 3200 exinde
489 3157 545 3200 totu
557 3145 686 3198 concionis
699 3153 828 3196 structure
840 3143 988 3213 dependet3
1006 3154 1138 3197 utentem
1150 3147 1195 3198 ille

162 3243 328 3312 percipiatur,
353 3245 437 3312 primo
460 3241 539 3294 verba
562 3250 650 3292 textus
667 3240 771 3310 proprio
785 3248 868 3288 marte
884 3237 1072 3306 expendenda,
1091 3249 1196 3289 etcum

162 3336 376 3406 praecedentibus
387 3347 415 3387 et
431 3333 600 3403 sequentibus
617 3331 788 3385 conferenda:
805 3329 902 3381 deinde
914 3330 1105 3383 Annotationes
1117 3332 1196 3383 Criti-

163 3451 220 3497 cae,
239 3451 267 3484 oc
287 3431 398 3484 tandem
411 3432 505 3498 integri
526 3427 706 3481 commentarii
727 3425 899 3478 celebriorum
915 3425 1088 3496 interpretum
1105 3445 1195 3479 consu-

163 3527 236 3580 lendi
255 3537 325 3580 sunt.
355 3526 403 3577 llic
416 3536 514 3578 temere
522 3541 567 3594 per
577 3524 664 3594 plures
673 3523 827 3592 interpretes
836 3539 891 3573 non
900 3531 940 3573 est
947 3520 1105 3588 vagandum,
1117 3522 1194 3574 turbo

162 3625 232 3675 enim
250 3631 368 3674 mentem
384 3621 493 3672 obruere
510 3621 592 3672 solet:
608 3618 653 3671 sed
669 3635 701 3669 ex
712 3617 900 3686 probatissimis
909 3615 984 3682 pauci
994 3613 1110 3679 eligendi
1118 3612 1192 3677 sunt,

161 3732 304 3786 eorumque
316 3716 500 3783 explicationes
512 3711 700 3782 expendendae
711 3720 791 3778 atque
802 3709 872 3757 inter
883 3722 910 3756 se
919 3703 1100 3767 conferendae,
1115 3716 1194 3776 atque

163 3813 199 3862 itu
210 3811 337 3878 genuinus
346 3809 485 3860 verborum
496 3823 583 3858 sensus
593 3802 732 3856 eruendus.

198 3907 224 3957 Si
237 3914 325 3957 textus
339 3905 373 3955 sit
386 3902 535 3968 ambiguus,
549 3909 577 3952 et
594 3899 710 3950 diversae
729 3896 801 3946 illius
812 3901 947 3947 occurrant
956 3893 1028 3963 apud
1040 3894 1194 3964 interpretes

163 4001 363 4072 explicationes,
380 4015 434 4048 non
451 4004 555 4065 oportet
570 4010 674 4064 operosa
686 3989 883 4043 enumeratione
898 3986 1056 4039 Auditorum
1070 4005 1145 4040 orsres
1158 3989 1193 4039 lu·

164 4099 250 4164 ligare.
289 4093 350 4145 Non
363 4091 487 4144 convcnit
502 4105 586 4140 coram
598 4086 675 4158 plebe
690 4085 797 4137 indocta
808 4099 883 4135 voees
895 4081 1191 4146 llebraessetGraeess,

163 4209 227 4260 quas
242 4191 396 4259 neutiquam
412 4185 536 4253 intelligit
552 4194 579 4238 et
596 4183 628 4236 de
639 4199 750 4251 quorum
763 4179 873 4246 genuina
885 4178 1068 4245 significatione
1080 4178 1192 4244 judicare
1286 4204 1290 4212 ·

163 4285 267 4354 despuit,
288 4285 404 4348 allegare.
803 4289 806 4294 '
