2959 5284
559 465 735 530 -97-

125 669 213 717 aestu
235 655 362 740 scriptas
381 675 420 716 ex
441 654 559 718 scriniis
579 653 613 718 in
633 650 738 716 lucem
758 649 922 738 publicam
941 653 1085 738 protrahi
1102 676 1163 740 po-

126 766 237 848 tuisse,
259 781 359 853 atque
380 767 414 830 in
436 763 682 852 praefationibus
701 767 801 852 inque
820 761 918 828 literis
930 765 973 828 ad
985 766 1070 830 viros
1084 765 1162 830 doc-

125 894 173 942 tos
201 875 276 942 talia
306 877 421 942 addere
450 879 584 965 potuisse
616 876 879 942 Limborchium:
907 877 1079 961 allabens,
1100 902 1159 960 en,

125 988 260 1055 illorum
289 991 346 1079 qui
370 1013 478 1055 rerum
502 1013 660 1056 novarum
686 987 847 1054 molitores
872 987 1093 1080 Ecclesiaeqne
1123 1015 1162 1056 ac

123 1099 330 1190 Reipublicae
354 1102 591 1190 perturbatores
612 1103 750 1171 audiunt
769 1119 900 1168 secretas
915 1102 1161 1170 machinationes

123 1237 302 1304 meamque
331 1216 438 1280 omnia
461 1213 591 1281 consilia
614 1213 779 1302 patefacta.
828 1215 885 1279 His
906 1237 1063 1281 carcerem
1081 1222 1162 1282 exsi-

123 1327 271 1418 liumque
301 1328 404 1392 meriti
430 1343 608 1392 censentur.
656 1324 780 1392 Scilicet
809 1328 844 1392 in
871 1325 1002 1418 Synodo
1018 1329 1161 1394 Dordra-

124 1463 201 1504 cena
222 1441 279 1530 qui
298 1439 468 1504 adversarii
489 1439 585 1504 iidem
608 1439 726 1528 judices
746 1463 877 1528 quoque
896 1442 994 1508 nostri
1015 1441 1157 1508 fuenmt.

124 1553 190 1618 Nos
211 1576 285 1617 vero
305 1569 404 1616 totam
422 1549 595 1617 Ecclesiam
613 1551 845 1644 appellamus.''

168 1666 218 1730 De
241 1662 379 1730 Arminii
404 1663 562 1732 anecdotis
579 1665 773 1756 quibusdam
792 1665 921 1733 edendis
936 1666 1161 1735 Limborchius

124 1777 299 1868 aliquando
328 1775 518 1866 cogitavit13
550 1798 609 1844 nec
638 1795 745 1846 tamen
772 1781 970 1867 propositum
997 1778 1160 1846 exsecutris

124 1909 182 1956 est.
218 1891 371 1978 Stephani
392 1887 567 1956 Gurccllaei
589 1909 665 1956 vero
686 1891 792 1978 Opera
810 1889 1022 1982 Theologica‚
1036 1909 1073 1956 ut
1087 1915 1162 1979 pos-

125 2021 244 2068 tremae
273 2005 369 2091 ipsius
397 2001 473 2086 filii,
497 2002 648 2070 Gideonis
667 2003 843 2091 Stephani,
864 2002 1021 2073 voluntati
1041 1998 1162 2081 satisfa-

124 2115 268 2198 cer·et²‚⁴
285 2116 384 2182 edidit
408 2137 493 2180 anno
521 2115 627 2197 1675,
654 2116 755 2204 iisque
775 2118 897 2206 egregie
916 2112 1076 2204 praefatus
1093 2133 1157 2199 est,

19 2293 21 2296 .
122 2231 167 2293 ite
185 2231 315 2317 quidem
332 2246 371 2295 ut
382 2231 525 2317 primum
541 2227 692 2296 indicaret
707 2227 837 2319 qualem
853 2229 962 2297 deceat
975 2254 1038 2297 esse
1050 2231 1160 2296 Theo-

158 2479 167 2514 Ι
186 2481 353 2534 himhorohins
371 2482 396 2529 in
405 2481 484 2532 literis
494 2479 589 2530 ineditis
606 2479 637 2529 ad
652 2481 688 2530 lio
700 2482 724 2528 la
738 2480 828 2537 coste,
845 2481 895 2529 tir.
911 2481 995 2537 doct..
1011 2497 1077 2531 anno
1090 2483 1162 2531 ltro

122 2579 245 2628 Lutetiam
261 2578 408 2628 Parisiorum
426 2577 521 2624 raissius
543 2575 621 2626 »Sunt
635 2589 767 2645 pencsme
786 2575 881 2638 aliquot
897 2578 1060 2638 manuscripta
1074 2579 1103 2626 ll.
1117 2581 1159 2628 ia·

121 2675 176 2722 cohi
193 2673 308 2730 Arminii,
326 2673 457 2733 explicatio
474 2673 548 2721 ridel.
561 2673 736 2734 prophetantia
754 2672 829 2720 lonae
843 2673 1030 2731 cruciamine,
1043 2674 1156 2735 aliaque,

121 2781 185 2829 quae
204 2767 306 2816 fortasse
323 2768 404 2815 iucem
421 2766 567 2814 ridebunt.'’
585 2765 656 2814 Geni.
672 2779 771 2827 quoque
789 2767 901 2829 Append.
922 2769 950 2815 Ι).
971 2771 997 2816 3.
1027 2768 1082 2816 vid.
1102 2769 1159 2816 (Iat-

120 2865 191 2910 tenb.
214 2862 277 2910 Bibl.
298 2860 388 2920 Seript.
411 2861 483 2907 Rem.
509 2874 534 2919 p.
557 2861 582 2906 ὅ.
621 2860 734 2907 Familiar
758 2860 856 2910 Letters
878 2863 990 2908 between
1012 2861 1158 2910 linietis

120 2971 145 3005 a.
166 2971 188 3005 s.
209 2955 228 3004 l.
248 2956 266 3004 l.
286 2955 353 3002 laud.
373 2967 400 3016 p.
421 2953 484 3000 dl'l.

128 3056 133 3064 ’
157 3047 178 3088 ’-
191 3047 358 3096 himborohins
374 3046 399 3094 in
417 3043 495 3092 literis
512 3045 543 3093 ad
563 3045 591 3092 Ρ.
610 3045 726 3096 »illirium
744 3058 809 3105 anno
827 3045 897 3095 tots
915 3046 980 3096 datis
1001 3055 1100 3096 narrat:
1117 3047 1159 3096 ot·

121 3144 226 3194 desuem
242 3142 411 3190 Cmcellaeum
427 3141 479 3201 ipso
496 3147 632 3201 praesente·
642 3141 745 3203 jussisse
764 3150 862 3204 etpost
876 3155 945 3190 snam
961 3151 1064 3193 mortem
1077 3146 1159 3194 omnia

122 3251 188 3298 quae
209 3238 311 3286 haberet
337 3237 396 3284 Mes.
423 3235 469 3297 ipsi
494 3235 663 3293 traderentur3
692 3249 719 3284 sa
739 3249 799 3285 vera
820 3237 925 3296 neronis
940 3237 1082 3298 impeditum
1102 3240 1160 3287 huic

123 3331 254 3380 hereditati
281 3319 329 3378 nori
353 3331 435 3379 statim
460 3342 559 3377 manum
586 3328 688 3390 injicere
705 3331 827 3392 potuisse,
848 3331 891 3378 sod
909 3330 1006 3378 viduam
1024 3331 1159 3378 Curcellaei

122 3429 242 3484 aliorum,
261 3426 326 3473 ultro
342 3439 369 3473 se
381 3425 551 3482 offerentium,
565 3425 590 3472 in
602 3424 734 3484 digerenda
744 3425 770 3472 in
782 3425 891 3473 ordinem
904 3404 1070 3482 Bibliotheca,
1084 3439 1158 3487 opera

124 3537 193 3572 usam
212 3535 280 3581 esse;
301 3525 358 3578 isos,
380 3522 489 3570 homines
507 3521 729 3571 demonstrantium
748 3534 837 3570 causae
856 3535 905 3570 noo
923 3533 1099 3581 usquequaque
1116 3523 1159 3568 ad-

122 3618 213 3675 dictos,
232 3631 247 3666 a
264 3617 355 3679 quihus
372 3617 461 3666 frustra
485 3617 602 3678 praedem
625 3623 691 3665 esset
703 3618 876 3678 repetiturus,
895 3627 1010 3677 maguam
1030 3615 1159 3662 litatorem

124 3721 219 3772 partem
237 3713 394 3772 surripuisse.
420 3713 454 3760 lie
473 3712 563 3772 quihus
578 3712 699 3760 schedulis
718 3713 778 3772 quid
793 3711 885 3760 iactum
902 3710 933 3758 sit
950 3718 994 3758 aut
1008 3709 1051 3756 ahi
1067 3710 1161 3760 lateant

125 3809 220 3868 ignoro.
266 3809 294 3856 ln
317 3806 395 3854 literis
418 3819 477 3854 vero
503 3807 534 3854 sd
561 3807 596 3854 lie
614 3807 638 3854 la
656 3806 727 3854 Costa
750 3806 818 3854 laud.
838 3805 1021 3855 himborchitne
1045 3805 1161 3854 scamel-

125 3903 222 3960 laeani,
242 3901 321 3964 inquit
331 3935 338 3957 ‚
350 3897 439 3962 'operis
457 3901 645 3950 delineationem
665 3902 758 3958 habam
778 3900 821 3948 sed
838 3900 954 3960 quoniam
969 3899 1034 3949 inter
1050 3896 1159 3948 mnbeo·

125 3998 181 4046 duan
206 3998 347 4046 methodum
373 4003 445 4043 antea
469 4003 613 4056 conceptam
637 3997 710 4044 variis
730 3996 754 4044 iu
772 3995 831 4044 loeis
854 3995 971 4051 mutavit,
995 3995 1114 4056 quaedam
1133 3996 1159 4044 in

126 4105 200 4153 opere
226 4093 291 4141 edito
318 4092 367 4154 jam
394 4097 507 4146 exstant,
536 4102 599 4150 quae
622 4090 641 4138 si
660 4088 740 4151 operis
759 4088 946 4138 delineationem
965 4097 1060 4150 spectes
1080 4090 1160 4140 adhuc

128 4189 251 4236 tractanda
274 4195 376 4236 restant.
421 4187 529 4234 Virtutes
553 4185 702 4234 Christianae
727 4185 752 4232 ia
779 4185 880 4247 synopsi
906 4183 1002 4234 lithices
1024 4185 1160 4235 delineatae
1252 4258 1257 4264 .

128 4282 212 4329 habos.
251 4282 342 4331 Exinde
368 4285 412 4330 hoc
438 4281 521 4330 ordine
541 4282 700 4330 constituerat
719 4281 846 4342 progredi:
865 4282 896 4329 de
915 4283 1051 4342 praeceptis
1070 4280 1157 4329 Christi
