2959 5284
580 459 755 525 ...(31.-

150 643 336 714 tribuebant
352 647 387 735 (ς
405 647 450 733 5).
499 644 593 727 Quod
614 645 710 734 igitm
733 643 919 735 Episcopius
938 645 1120 735 inceperat,
1150 664 1183 744 ec

149 777 330 850 persecutus
341 775 409 826 erat
429 755 628 822 Curaellaeus
636 806 647 837 ,
662 757 736 837 hic,
754 755 851 823 rebus
867 759 1079 846 pacatioribus
1092 784 1180 845 usus,

149 895 247 967 atque
270 877 312 942 ab
334 875 521 942 Academiae
543 873 807 964 Cantabugiensis
823 873 1005 942 doctoribus
1014 878 1185 944 societatis-·

149 1013 216 1081 que
237 987 526 1054 Remonstrantium
544 985 738 1052 antistitibus
758 982 926 1070 inritatus,
942 992 1076 1079 suscepit
1090 989 1182 1061 bonis

148 1101 262 1167 avibus
281 1100 474 1190 perfecitque
492 1095 634 1166 feliciter.
1126 1124 1130 1133 ⁴

195 1215 418 1280 Limborchius
439 1217 474 1278 in
492 1213 590 1279 literis
609 1216 650 1280 ad
669 1212 848 1297 Allixium,
872 1237 957 1279 anno
979 1216 1066 1282 1683
1083 1218 1187 1283 datist·

149 1326 360 1409 »Societatis,
395 1328 521 1415 inquit,
549 1339 677 1392 nostrae
705 1339 820 1415 rogatu
844 1325 1076 1393 institutionem
1106 1353 1182 1394 coa-

148 1449 266 1528 scripsi
288 1439 512 1528 Theodogiae.”
551 1441 621 1505 Imo
640 1439 830 1506 Academiae
847 1439 1112 1532 Cantabrigiensis
1129 1433 1195 1507 rol

149 1568 240 1642 gata,
256 1549 328 1616 licet
350 1546 441 1616 sacile
457 1552 584 1616 credam
603 1550 872 1618 consiliumillud
890 1553 1182 1620 Remonstrantium

148 1665 287 1729 societati
308 1687 464 1754 perquam
484 1662 635 1753 placuisse
654 1681 686 1730 et
704 1682 831 1756 gratam
849 1664 957 1749 fuisse,
982 1669 1091 1759 itaque
1111 1693 1184 1735 mo-

149 1775 268 1842 destius
296 1799 394 1865 quam
417 1778 521 1840 verius
547 1801 616 1842 rem
641 1779 806 1865 proposuit
834 1777 1067 1845 limborchius.
1114 1780 1184 1847 Sci·
1223 1765 1228 1770 ’

149 1887 225 1954 licet
251 1913 336 1953 anno
368 1892 433 1979 jam
470 1888 557 1955 tiis
587 1888 772 1977 prolessores
798 1888 1068 1982 cantabrigienses
1093 1891 1184 1957 fratri

149 1989 368 2086 Limborchii,
401 2003 458 2091 qui
490 2017 561 2066 tum
587 2001 621 2066 in
645 2001 764 2093 Anglia
789 2003 1070 2094 peregrinabatur,
1093 2006 1184 2070 insti-

150 2131 278 2197 terunt,
301 2131 340 2179 ut
360 2117 385 2179 is
407 2141 426 2179 a
444 2113 541 2179 fratre
561 2112 731 2203 Philippo,
755 2117 897 2204 ipsorum
915 2117 1064 2196 nomine,
1086 2117 1186 2183 breve

152 2225 317 2315 quoddam
340 2223 533 2318 Theologiae
550 2243 684 2318 systema
705 2229 904 2320 efflagitaret,
928 2229 963 2296 in
981 2255 1048 2321 quo
1065 2230 1184 2297 funda-

151 2354 259 2404 menta
283 2337 442 2429 religionis
470 2339 665 2404 Christianae
691 2343 868 2406 secundum
893 2343 1184 2428 Remonstrantium

152 2454 339 2517 sententiam
349 2454 382 2517 in
394 2454 536 2518 tironum
546 2475 641 2518 usum
651 2454 862 2520 traderentur.
888 2452 1001 2518 Paullo
1015 2467 1088 2521 ante
1099 2457 1191 2522 Pau-.

152 2565 203 2632 lus
223 2565 377 2635 Verrinus
397 2565 502 2632 literas
518 2581 677 2655 acceperat
697 2589 715 2631 a
737 2565 901 2650 Jenkesio,
926 2569 1078 2656 quicum
1100 2593 1185 2636 non-

153 2681 232 2746 dum
243 2681 301 2770 ipsi
312 2677 524 2773 *Limborclsio
542 2681 739 2760 innotuisset,
755 2679 845 2745 hunc
854 2681 920 2769 ejus
935 2682 1074 2746 amicum
1087 2699 1184 2773 atque

153 2811 324 2884 cognatum
343 2792 478 2881 jubebat·
494 2815 553 2881 pro
572 2791 657 2858 virili
675 2791 771 2856 illum
791 2815 905 2882 urgere
922 2809 961 2857 ut
972 2809 1106 2882 systema
1123 2794 1184 2859 ali-

153 2904 242 2996 quod
260 2902 452 2996 Theologiae
474 2928 534 2969 nec
551 2907 645 2969 nimis
665 2904 763 2970 breve
779 2927 839 2969 nec
855 2907 949 2969 nimis
968 2905 1136 2993 prolixum
1149 2911 1191 2973 in·

152 3003 259 3085 lucem
277 3021 443 3084 emitteret.
492 3017 589 3084 »Non
605 3017 738 3082 deerunt
756 3024 837 3105 ipsi,
859 3019 983 3107 inquit,
1007 3026 1040 3083 ia
1059 3031 1186 3109 negotio

153 3143 214 3198 isto
230 3135 382 3224 fautores
408 3146 439 3197 ct
463 3131 685 3212 Maecenates,
716 3142 821 3197 causa
839 3134 992 3222 siquidem
1021 3136 1186 3223 religionis

157 3245 356 3313 Christianae
387 3255 515 3336 agitur,·
541 3261 573 3312 et
598 3256 669 3337 quis
692 3254 779 3311 norit
806 3269 896 3334 quem
909 3233 1075 3334 fractam,
1104 3233 1187 3337 quae

154 3345 318 3426 contmoola
336 3337 407 3422 rtrois
415 3373 550 3446 possent
572 3359 689 3424 exinde
713 3371 876 3446 reportare
888 3367 1014 3446 posteri
1034 3341 1137 3426 nostri
1147 3349 1187 3427 el

154 3479 208 3561 qai
219 3460 398 3536 noscentur
409 3471 449 3535 oh
467 3455 565 3536 illisi’·
577 3471 685 3536 Macte
702 3480 745 3536 sit
766 3479 815 3538 air
827 3471 884 3535 tite
904 3480 1051 3561 egregius
1072 3482 1191 3539 uirtute·¹

153 3597 185 3649 et
204 3586 350 3649 doctrino
364 3601 441 3664 suo,
455 3569 701 3674 qua³insi⁴ruotas
720 3597 754 3648 et
771 3593 941 3673 insignitus
956 3597 1023 3648 est:
1038 3573 1186 3673 accingat

153 3718 189 3763 se
212 3715 282 3762 cum
305 3699 418 3761 ardore
430 3705 538 3761 ·animi
558 3698 604 3761 od
620 3697 700 3760 illud
719 3697 870 3785 quiequid
886 3708 934 3759 est
955 3707 1122 3783 opertae-et
1139 3698 1187 3760 ia·

154 3811 260 3890 dorin
286 3829 343 3872 nec
365 3809 500 3889 dubitet,
536 3799 612 3898 quin
637 3808 725 3870 Deus
752 3822 801 3871 ter
815 3807 904 3895 .0pt.
930 3806 1025 3872 Moe.
1054 3823 1187 3872 conatus

154 3925 225 4011 ejus
247 3929 356 3984 sitite
368 3910 518 4008 feliciter
535 3929 695 4001 recturus,
719 3932 754 3983 ut
775 3931 914 4008 optatum
932 3943 1023 3983 suum
1042 3921 1184 4007 fficium

155 4049 186 4099 et
195 4033 301 4123 finem
316 4031 522 4098 sortiantur.'’
547 4025 670 4097 Similia
690 4034 772 4098 circa
788 4031 874 4096 idem
894 4047 1020 4121 tempus
1034 4033 1186 4100 limbur-

156 4147 267 4212 chium
282 4131 429 4210 hortatus
446 4159 492 4210 est
502 4141 657 4210 Henricus
669 4145 790 4208 Morus.
814 4143 982 4234 Rescripsit
999 4144 1054 4212 ille
1075 4149 1117 4212 sd
1128 4148 1190 4212 ni-

157 4276 208 4323 ros
231 4259 315 4326 doct.
342 4257 523 4350 Brightium
541 4273 573 4322 et
592 4251 789 4336 Burnetum,
812 4253 907 4323 illum
929 4260 964 4322 in
978 4255 1182 4340 Emannelis‘,
