2959 5284
710 457 890 518 ...81-

288 641 380 707 docta
398 643 431 704 in
444 640 627 728 religionem
643 638 857 703 Christianam
868 637 1047 727 inquisitio,
1062 634 1119 724 qui
1131 633 1216 697 hane
1228 653 1322 695 sanc-

289 755 438 820 tissimam
456 769 557 816 artem
578 749 787 816 exooluerunt
813 752 854 816 ad
879 774 984 815 unum
1000 769 1109 814 omnes
1129 741 1322 834 theologiam

287 889 378 932 stram
396 861 552 936 Biblicam
570 888 633 930 esse
651 863 904 945 contenderunt,
920 862 1019 951 idque
1035 859 1188 923 hactenns
1206 859 1276 944 jure
1289 871 1322 920 et

287 1001 361 1044 vere
384 978 474 1068 qnod
497 975 618 1042 nullius
643 975 802 1066 theologia
827 998 956 1064 prorsus
978 996 1046 1039 non
1071 970 1193 1036 Bibliou
1211 969 1320 1035 fuerit«

287 1090 390 1181 Atqui
410 1091 503 1154 docta
522 1105 568 1154 est
586 1087 641 1152 illa
661 1090 695 1154 in
712 1086 898 1179 religionem
916 1086 1130 1152 Christiamm
1146 1084 1319 1173 inquisitio.

287 1200 470 1294 Theologus
490 1225 526 1268 ee
548 1203 678 1291 quaein
698 1201 795 1267 Sacro
811 1201 928 1267 Codioe
944 1196 1128 1287 simpliciter
1146 1198 1188 1262 ad
1206 1195 1321 1285 populi

286 1335 416 1408 captum
423 1333 459 1382 et
469 1319 572 1384 sensui
583 1314 725 1408 religioso
735 1317 971 1382 aooommodate
983 1331 1211 1404 proponuntur
1220 1316 1322 1378 inter·

286 1430 540 1522 preteritum,
561 1454 774 1519 oomponere,
796 1428 972 1519 explicare,
995 1430 1031 1494 in
1052 1431 1169 1519 justam
1185 1426 1320 1494 formam

285 1548 445 1637 redigere,
479 1562 519 1610 ut
547 1547 685 1633 penitius
706 1560 937 1635 cognoscantur
963 1561 1063 1634 utque
1088 1542 1318 1634 intelligentem.

286 1657 400 1724 Talem
425 1659 512 1722 enim
538 1654 739 1722 intellectum
758 1655 899 1745 posndat
921 1657 1060 1723 hominis
1077 1673 1204 1722 natum.
1251 1657 1322 1740 Quo

286 1773 321 1836 in
332 1796 367 1836 re
376 1792 444 1838 non
462 1793 571 1836 omnes
589 1770 700 1836 eadem
712 1772 834 1836 ratione
851 1772 964 1836 versuti
980 1787 1067 1835 sunt.
1092 1771 1221 1836 Etenim
1230 1793 1322 1836 suam

286 1881 429 1975 singulae
450 1881 515 1949 fere
526 1898 633 1974 gentes
654 1883 694 1947 ad
715 1882 928 1949 Christianam
946 1880 1131 1974 religionem
1147 1881 1323 1948 efferebant

286 1995 428 2062 indolem
455 2017 609 2086 suumque
632 1997 835 2085 sapientiam
866 1997 978 2061 Judnei
998 1995 1074 2086 legis
1091 1997 1236 2083 peritiam
1254 2011 1324 2059 stu-

286 2109 460 2198 diumque,
484 2108 623 2172 Orientis
643 2104 758 2196 populi
780 2109 1028 2198 Theosophiam‚
1045 2108 1157 2173 Graeci
1176 2103 1325 2170 Philoso-

286 2221 396 2310 phiam
406 2269 416 2302 ‚
440 2243 549 2284 rerum
567 2216 710 2284 civilium
730 2235 762 2284 et
779 2222 856 2307 juris
873 2220 1076 2309 prudentiam
1094 2219 1247 2301 Romani,
1265 2221 1324 2310 qui

286 2336 391 2404 medio
414 2359 491 2400 aevo
515 2333 695 2400 floruerunt
715 2331 874 2424 Theologi
899 2331 1134 2421 philosophiam
1154 2331 1325 2398 Scholasti-

286 2473 367 2516 mm.
414 2447 499 2514 Hine
521 2445 642 2511 factum
668 2449 759 2536 quod
784 2445 977 2536 Theologia‚
1001 2447 1147 2535 quamvis
1164 2469 1203 2510 ex
1224 2445 1320 2511 Seero

287 2560 403 2625 Codice
422 2559 553 2641 hausta,
568 2581 638 2623 eam
659 2573 766 2622 temen
786 2557 923 2622 formam
942 2558 1087 2622 indueret
1097 2581 1180 2647 quae
1188 2557 1318 2625 illorum

286 2697 303 2736 a
326 2670 445 2761 quihus
464 2691 588 2756 semper
603 2651 807 2734 excolebatur
827 2671 952 2761 ingenio
966 2668 1140 2762 studiisque
1154 2690 1231 2736 esset
1242 2696 1318 2738 con-

286 2782 399 2878 grua¹.
425 2781 552 2874 Integra
572 2797 737 2874 systemata
760 2799 834 2848 ante
848 2781 1059 2879 *Scholasticos
1077 2784 1209 2876 (quibus
1226 2811 1323 2874 prae-

282 2935 518 2954 m
538 2949 546 2972 s

286 3037 438 3093 Vomrtheil,
458 3037 563 3086 welches
580 3038 642 3085 auch
662 3036 718 3084 dem
737 3036 834 3084 Turken
851 3035 891 3084 die
902 3033 1058 3084 Gottliehkeit
1070 3017 1114 3084 dei
1126 3035 1320 3085 Korensbenei·

264 3139 342 3188 set,
364 3129 480 3179 winwed
502 3141 529 3178 es
548 3129 630 3178 einem
653 3141 713 3190 gene
734 3129 918 3178 vorurtheilsioe
939 3129 1142 3179 himetretenden
1164 3131 1240 3179 heser
1255 3132 1319 3180 vohi

286 3227 427 3277 tohwerlieh
451 3224 613 3274 ulderi'ehren
635 3225 734 3283 verde,
758 3225 816 3274 dass
834 3225 885 3273 ihm
907 3225 958 3273 eloh
976 3225 1022 3273 der
1035 3225 1117 3274 Inhalt
1134 3227 1179 3276 der
1196 3227 1265 3276 uiuet
1283 3228 1321 3274 eie

285 3323 407 3372 durehaue
422 3322 522 3381 eutition
538 3321 647 3382 bezeuge
655 3322 682 3379 ;''
701 3335 728 3370 u.
746 3335 770 3369 s.
788 3334 821 3368 w.
849 3319 924 3368 Doleo
939 3321 1018 3368 virum
1034 3320 1268 3382 praestantissimum
1277 3323 1320 3370 ho·

286 3429 341 3466 rum
356 3429 417 3477 quoe
431 3416 587 3477 reprehendit
603 3415 709 3463 virorum
723 3415 801 3464 rerba
814 3414 982 3476 imprudenter
994 3413 1153 3464 ooniundere.
1178 3414 1260 3464 Sciant
1270 3416 1320 3464 lee-

286 3519 352 3559 toree
369 3510 465 3569 iorem,
485 3521 544 3571 quoe
561 3511 628 3569 opud
643 3510 787 3558 Nitzsolrium
805 3512 927 3571 leguntur,
949 3510 1008 3557 nihil
1019 3523 1128 3570 meeum
1144 3510 1176 3557 ab
1195 3509 1322 3570 episcopo

286 3613 328 3651 eru
342 3607 453 3665 sumtum
472 3611 514 3652 eut
530 3605 657 3664 probatum
676 3617 735 3652 erre.
770 3605 902 3652 caeterum
921 3604 981 3652 iilud
996 3617 1094 3665 quoque
1112 3603 1183 3653 doleo
1201 3605 1265 3664 quod
1282 3603 1323 3650 tir

286 3699 328 3748 ilie
342 3692 532 3759 tremorem
546 3698 652 3760 iniquius
666 3698 697 3747 de
711 3699 838 3762 Ephoopio
851 3705 935 3747 nostro
950 3699 1041 3747 sentire
1057 3699 1178 3748 videatur.
1206 3699 1267 3746 Nam
1276 3699 1323 3746 mi·

287 3806 373 3841 norum
392 3793 500 3854 gentium
519 3793 628 3842 homines
644 3795 690 3841 bno
703 3793 762 3842 belli
779 3793 926 3841 streuuieni
938 3793 1064 3841 oooasione
1076 3793 1103 3840 in
1114 3791 1267 3841 Arminium
1278 3793 1323 3840 de·

286 3889 399 3937 muchart
417 3899 504 3950 perum
520 3899 643 3936 curamus.
681 3887 756 3936 Suam
769 3880 1019 3949 proeminentiam
1034 3888 1104 3936 nohis
1116 3888 1246 3948 benignam
1258 3887 1323 3933 risos

285 3985 414 4031 materiem
430 3980 595 4043 suppeditant.
625 3982 708 4030 Fatale
726 3983 772 4030 hoo
786 3982 1014 4030 Remonurantibue
1027 3981 1124 4030 videtur
1133 3989 1161 4030 ut
1171 3982 1269 4030 illorum
1278 3994 1323 4030 no·

287 4077 352 4124 mine
372 4082 559 4123 eontemnantur
582 4077 832 4137 proscindunturque,
857 4077 978 4126 sententia
1003 4077 1028 4124 in
1047 4075 1171 4138 plerisque
1189 4077 1321 4138 probetur,

287 4183 349 4233 que,
368 4177 492 4230 umquam
510 4182 572 4221 noro
592 4183 686 4232 suoque
700 4173 820 4236 intento,
839 4172 909 4219 multi
927 4170 999 4219 hodie
1018 4170 1163 4232 clementor.

324 4258 332 4296 ¹
351 4263 420 4312 Cori.
441 4263 470 4311 N.
489 4264 516 4311 C.
536 4263 602 4313 Kist:
623 4265 654 4313 de
672 4244 761 4313 (lesen.
780 4271 827 4313 vtn
841 4265 872 4312 de
889 4265 952 4313 Leer
965 4265 1008 4314 des
1024 4265 1267 4316 Christendomsene.
1280 4267 1324 4314 ine
