2959 5284
566 518 763 581 -139-

140 701 186 770 qui
203 698 281 750 valde
299 699 373 766 genio
389 697 482 766 pollet.
502 699 621 749 Summas
631 698 681 750 tibi
698 698 781 751 reddo
793 703 944 772 gratiaepro
955 701 1119 770 honoreque
1131 715 1174 750 me

141 792 263 860 dignatur
278 809 307 844 es
322 802 400 844 tuum
416 790 450 844 ad
466 809 509 844 me
525 790 658 844 mittendo
676 811 741 863 opur
758 811 841 846 novae
852 794 986 847 editionis.
1006 795 1112 863 Semper
1128 810 1175 860 ego

141 897 259 957 acceptor
270 895 376 938 tantum
387 903 566 958 numquamre
577 888 722 956 reponam?
750 888 833 941 Doleo
844 888 918 960 quod
929 907 1013 941 sermo
1024 897 1114 940 noeter
1124 886 1176 939 tibi

140 999 195 1033 non
213 983 246 1034 sit
262 980 411 1045 familiaris,
429 987 461 1030 ut
477 981 528 1032 tibi
545 999 612 1052 qrrse
624 981 675 1034 edo
687 986 866 1036 transmittere
877 1001 931 1036 non
943 985 977 1035 sit
989 984 1100 1047 inutile,
1114 983 1177 1034 lieet

141 1093 225 1146 quum
242 1094 301 1128 mea
317 1075 368 1128 tibi
387 1075 484 1128 dedero
501 1093 543 1128 ees
560 1095 608 1147 pro
624 1096 686 1130 auro
702 1079 797 1131 reddo.
834 1077 912 1145 Quod
924 1078 1050 1130 debello
1061 1079 1176 1148 quereris

141 1168 326 1240 imputandum
342 1179 382 1222 eet
399 1170 494 1223 fervori
510 1169 672 1239 disputandi.
704 1174 813 1225 librum
825 1173 1093 1242 nonadhoeperlegi.
1123 1171 1177 1224 sed

141 1266 222 1316 animi
241 1267 436 1318 Soeinianorum
451 1265 515 1316 elati
528 1265 657 1333 quosdam
669 1284 701 1318 ex
717 1266 878 1318 nostratibus
893 1271 927 1334 τῇ
944 1267 1053 1333 ἀμετρίᾳ
1068 1271 1116 1325 τῆς
1132 1267 1177 1318 dr-

142 1361 231 1421 traete
242 1362 343 1428 longius
351 1379 431 1430 quam
441 1377 552 1431 aequum
562 1371 618 1413 erat
626 1361 739 1432 pellunt.
755 1363 849 1413 Fateor
859 1379 964 1433 quoque
973 1359 1046 1432 quod
1054 1361 1101 1412 ilia
1110 1360 1178 1412 leni·

141 1465 183 1508 tas
196 1473 249 1526 qus
258 1456 472 1507 demonstrantes
485 1457 634 1508 Soeinianos
648 1465 778 1520 tractant,
791 1458 860 1526 ipeos
870 1456 906 1508 ad
917 1474 992 1508 suam
1008 1455 1124 1522 synaxin
1135 1471 1178 1507 re·

143 1549 264 1618 cipiendo
274 1559 302 1601 et
313 1551 499 1602 controversias
514 1551 574 1602 illas
586 1552 655 1603 inter
672 1569 712 1603 res
723 1552 831 1604 minoris
841 1553 970 1604 momenti
980 1549 1143 1602 numerando
1150 1551 1176 1613 ¹,

143 1646 213 1696 male
229 1645 272 1696 hio
289 1655 320 1697 ut
334 1647 479 1715 plurimum
496 1646 581 1699 audit.
613 1647 681 1699 Nam
696 1647 760 1698 licet
774 1649 924 1700 tollerantia
934 1648 1020 1700 civilis
1030 1645 1103 1718 quod
1113 1644 1178 1712 dog·

143 1749 214 1791 01010
230 1749 329 1809 spectat
341 1741 423 1793 nullis
434 1743 470 1792 sit
485 1741 624 1794 coercenda
635 1741 778 1805 limitibus,
792 1741 873 1793 babet
883 1752 1043 1793 tarnensuos
1052 1741 1179 1792 cancellos

144 1835 295 1886 tollerantia
316 1821 504 1900 Ecelehiastica,
525 1837 595 1888 etsi
618 1834 774 1886 crediderim
795 1836 996 1886 communionen
1016 1851 1077 1885 oum
1092 1832 1179 1884 idolo·

144 1929 218 1980 larris
226 1927 374 1996 fugiendam
384 1939 412 1980 et
422 1929 573 1981 idololatras
583 1928 760 1999 repellendos,
771 1929 792 1980 si
801 1946 905 2000 quoque
914 1927 1080 1991 crediderim,
1088 1945 1179 1998 quem·

146 2021 289 2074 admodum
308 2021 379 2092 apud
395 2040 443 2074 nos
458 2033 592 2093 acceptum
608 2032 660 2086 est,
677 2021 751 2093 quod
767 2024 855 2074 cultus
872 2039 953 2093 quem
972 2022 1103 2074 800101ιῶ
1117 2023 1180 2073 Jesu

147 2115 251 2169 Christo
263 2117 390 2170 exhibent
401 2119 436 2168 sit
447 2119 605 2188 exipsorum
619 2117 760 2189 hypothesi
776 2118 966 2181 idololatricam,
985 2127 1045 2169 tum
1056 2116 1180 2168 videntur

148 2229 164 2262 a
183 2212 366 2264 communione
385 2211 521 2264 0100111111.
558 2212 667 2264 Accedit
687 2212 760 2284 quod
778 2211 849 2282 apud
867 2230 915 2271 noe
930 2212 1062 2264 Sociniani
1078 2212 1181 2263 cultum

149 2304 246 2356 Christi
262 2304 340 2373 plane
355 2307 486 2372 rejiciant,
505 2307 695 2358 invocationem
711 2308 798 2370 solnm
814 2308 864 2376 ipsi
877 2307 1036 2370 tribuentes,
1050 2307 1078 2357 et
1089 2305 1182 2357 dehac

148 2409 285 2468 tamquam
301 2397 335 2450 de
355 2417 382 2451 re
398 2399 523 2467 ἀδιαφόρᾳ
545 2402 699 2470 loquuntur.
729 2401 769 2452 De
784 2400 854 2452 hisce
866 2411 893 2453 et
903 2401 961 2452 aliis
972 2399 1085 2452 rebuete
1096 2418 1182 2451 eoram

150 2494 286 2544 certiorem
298 2492 393 2546 reddet
402 2493 435 2546 D.
449 2495 579 2547 Brantius.
599 2495 669 2547 Deus
680 2506 707 2548 te
720 2495 767 2548 diu
778 2497 903 2566 sospitem
913 2505 1047 2548 conservet
1057 2496 1085 2546 in
1095 2495 1182 2547 Eode-

151 2588 202 2638 siae
213 2606 273 2641 suae
283 2589 391 2641 bonum.
412 2589 455 2642 Tu
464 2590 551 2642 animo
563 2609 622 2642 meo
634 2591 687 2642 alte
699 2590 824 2655 inhaeres,
838 2602 866 2644 et
878 2592 965 2643 omnia
974 2600 1020 2642 tua
1029 2590 1105 2643 avide
1114 2609 1183 2643 com·

152 2683 251 2752 plector
266 2693 294 2735 et
310 2685 332 2736 si
347 2685 403 2736 ulla
415 2685 511 2737 occasio
525 2684 604 2738 detur
620 2691 672 2758 qus
688 2685 738 2738 tibi
755 2687 799 2738 vel
810 2687 862 2738 tuis
874 2675 950 2738 herae
962 2686 1090 2738 amicitiae
1102 2685 1184 2737 officia

150 2775 260 2829 reddere
272 2787 378 2846 potero,
393 2777 468 2829 crede
481 2778 553 2846 quod
565 2779 634 2829 nihil
645 2779 711 2830 mihi
721 2781 817 2846 gratius
829 2780 943 2833 accidere
955 2782 1044 2851 possit,
1055 2799 1116 2832 nam
1125 2799 1183 2834 sum

681 2896 722 2946 vir
740 2893 885 2946 admodum
902 2897 1043 2949 reverende

449 3000 520 3042 totus
532 2990 582 3042 tibi
594 2988 786 3041 addictissimus
795 2999 823 3041 et
834 2989 869 3040 ad
880 2990 1002 3061 obsequia
1012 2990 1185 3062 paratissimus

188 3084 413 3136 Westmonasterii
749 3084 784 3135 Gi
802 3085 970 3136 Sarisburien.

155 3180 217 3229 18⁹⁰
236 3177 340 3229 Novbri·
361 3181 437 3230 1694.

615 3273 721 3288 ..ι-δι..

184 3416 192 3446 ¹
209 3417 339 3471 Respondet
352 3417 517 3459 Limborehius:
532 3416 697 3471 »quaestionem
713 3415 777 3458 illam
792 3415 852 3457 inter
866 3429 901 3458 rea
915 3414 1008 3458 minaria
1021 3417 1127 3460 momenti
1141 3431 1186 3460 11011

154 3497 285 3550 11111110οι1
307 3499 344 3540 sed
363 3499 467 3554 qnoniam
485 3497 555 3540 ardua
575 3505 621 3548 eat,
643 3507 668 3542 et
680 3507 749 3556 captu
763 3497 946 3559 diffieilieffinaili
960 3497 997 3542 hie
1010 3497 1128 3554 Scriptura
1141 3515 1186 3543 non

153 3587 275 3636 praeeunte
288 3581 405 3624 anathema
419 3580 491 3624 dicere
504 3581 620 3637 audemus:
637 3595 708 3638 neque
721 3581 805 3624 curiosi
819 3581 845 3622 in
859 3595 934 3624 eorum
941 3610 949 3631 ,
962 3581 1003 3636 qui
1016 3582 1045 3622 ad
1053 3584 1186 3626 communio·

154 3677 205 3706 nem
221 3671 318 3706 noctram
332 3665 451 3714 10001001,
466 3664 613 3707 eonscientiae
628 3649 777 3719 inquirimus,
792 3676 821 3704 an
836 3662 860 3702 in
873 3663 974 3716 dogmate
987 3662 1139 3705 adeosubiimi
1147 3679 1188 3719 per

153 3744 228 3788 omnia
249 3746 362 3806 nobiseum
382 3745 522 3788 consentiant
530 3745 552 3798 ‚''
568 3753 624 3788 caet.
656 3745 722 3788 conf.
738 3742 835 3798 quaeda
849 3741 987 3784 Limborehii
999 3756 1051 3786 01011
1064 3745 1188 3790 sociarent·

154 3829 283 3870 commercio
298 3828 374 3872 retuli.

185 3910 196 3939 ²
211 3911 336 3966 Respondet
351 3907 514 3952 Irimborchius:
532 3907 640 3964 rrexpendi
656 3906 730 3949 redolo
745 3912 875 3962 argumenta
890 3905 970 3960 quibus
978 3905 1048 3949 100111
1058 3906 1156 3952 doctores
1165 3923 1189 3951 ae

155 3993 179 4036 id
197 3993 300 4050 probasse
314 3991 422 4042 eradunt3
438 4005 517 4034 rerum
532 3991 636 4034 haetenus
651 3989 743 4032 nuliam
757 3987 814 4044 legi,
829 3988 888 4042 quod
902 3987 1029 4032 Soeiniauoe
1042 3988 1144 4033 criminia
1157 3989 1190 4034 ie·

155 4076 200 4119 tine
220 4073 352 4126 0001100011
372 4073 446 4117 multo
465 4073 540 4117 101001
561 4073 677 4130 quemdam
697 4069 826 4128 scripturae
846 4071 932 4120 locum,
949 4071 990 4126 qui
1005 4071 1092 4114 00111110
1106 4073 1188 4122 talem,

156 4159 243 4214 qualern
257 4157 369 4202 Sooiniani
383 4171 410 4200 ex
425 4171 465 4200 aua
479 4155 595 4214 hypothesi
608 4157 639 4200 D.
654 4155 707 4198 Jean
721 4153 839 4206 tribuunt,
854 4153 993 4198 idololatriae
1005 4155 1119 4199 damet’·
1142 4155 1190 4200 At-

156 4242 231 4286 dit‘se
249 4250 272 4284 et
288 4243 380 4286 0100100
399 4241 569 4288 8001010001οι
590 4241 723 4286 renuntiem
742 4239 867 4294 improbare
881 4245 904 4282 et
918 4239 1043 4294 Anglorom
1059 4239 1187 4294 praesertim

110 4357 113 4361 .
157 4323 302 4380 petulantiam
317 4325 424 4368 arestari.
