2959 5284
739 479 914 544 46..

308 672 485 738 tiocinando
507 669 643 736 effecerit
663 693 771 735 rerum
791 669 914 733 veritati
932 681 1091 733 consonet.
1140 665 1200 731 Ille
1215 667 1340 756 plenio-
1379 665 1383 670 ’

307 809 374 849 rem
396 809 504 849 rerum
524 782 765 874 intelligentiam
785 779 1018 869 aPltilosophia
1036 797 1213 869 exspectare
1230 781 1337 848 debet.

307 897 352 963 At
366 895 609 964 oonfunduntur
629 896 711 980 lere,
728 920 811 987 quae
827 899 962 985 separari
974 913 1100 984 oportet
1119 898 1208 962 initio
1226 913 1264 962 ut
1279 895 1340 962 ali-

305 1010 435 1100 quando
447 1012 556 1075 ¹amice
574 1027 695 1099 queant
714 1011 902 1097 conspirare.
928 1008 1070 1097 Simplex
1090 1026 1122 1074 et
1132 1012 1269 1101 genuina
1284 1009 1340 1076 illa

306 1120 480 1214 Theologia
499 1123 608 1211 primis
626 1127 690 1212 jam
706 1121 854 1202 saeetrlis,
877 1123 1060 1210 praesertim
1081 1110 1156 1187 vero
1171 1121 1342 1189 Scholasti-

306 1261 417 1302 oorum
436 1251 552 1319 aetate,
575 1233 904 1324 philosophematibus
918 1249 1068 1322 corrupta
1087 1233 1150 1300 suit
1168 1253 1201 1300 et
1215 1235 1342 1302 adulte-

306 1351 412 1416 rata-¹.
461 1351 545 1415 Hinc
568 1365 700 1440 systema
724 1348 843 1412 exstitit
863 1345 1339 1440 philosophioo-theologicum,

306 1465 395 1554 quod
420 1487 439 1528 a
460 1461 731 1530 Reformatoribus
750 1462 805 1526 hio
830 1459 897 1526 illic
919 1463 1052 1551 quidem
1069 1464 1276 1528 immutatum
1294 1479 1342 1528 est

305 1593 402 1664 atque
427 1576 649 1657 emendatum,
673 1597 742 1638 non
759 1590 888 1653 tamen,
905 1575 996 1664 quod
1013 1577 1174 1663 oportuit,
1197 1576 1342 1642 funditus

306 1711 469 1770 eversum,
493 1703 531 1752 ut
549 1689 615 1775 ejus
632 1685 702 1752 loto
717 1683 898 1777 'Theologla
919 1709 992 1752 vere
1010 1686 1342 1782 Biblioo-Evangelioe

305 1815 528 1865 exstrueretur.
560 1799 639 1863 Mox
658 1799 830 1888 antiquum
849 1799 1029 1866 aedilicium
1048 1825 1198 1894 magnam
1218 1819 1343 1891 partem

306 1926 488 1998 reparatum
512 1926 559 1975 est
582 1911 736 2000 novisque
752 1927 884 1978 auctum
903 1914 1048 2002 partibus
1060 1915 1086 1981 ².
1118 1915 1171 1983 Ad
1192 1915 1256 1982 tale
1276 1941 1344 2009 sys-

342 2207 352 2243 ¹
369 2211 439 2261 Coni.
457 2212 627 2262 Melanchthon
646 2215 672 2262 in
689 2213 760 2264 Locis
778 2215 928 2277 theologicis
946 2215 976 2264 ad
989 2214 1061 2264 fldem
1073 2214 1113 2262 ed.
1128 2216 1174 2262 lte
1187 2213 1259 2262 editis
1271 2227 1287 2262 a
1299 2215 1341 2264 io.

305 2305 395 2355 Christ.
414 2306 480 2355 Guil.
499 2307 615 2370 Augusti,
635 2310 701 2372 Lips.
723 2311 807 2370 1821,
827 2312 852 2359 in
869 2319 930 2372 sect.
944 2314 972 2360 de
982 2312 1082 2359 lominit
1093 2310 1182 2358 viribus
1196 2311 1301 2371 adeoque
1312 2311 1342 2357 de

305 2403 378 2450 libero
397 2403 513 2461 arbitrio,
533 2405 604 2462 init..
625 2406 684 2455 edit.
704 2405 771 2454 laud.
786 2421 813 2468 p.
828 2405 860 2452 10
872 2421 911 2467 sq.
925 2433 957 2442 -
969 2405 1087 2454 »Redolet
1098 2404 1289 2466 philosophiam,
1302 2403 1340 2452 in·

305 2497 373 2558 quit,
391 2498 508 2559 quidquid
526 2499 624 2547 omnino
642 2500 824 2548 commentariis
842 2501 964 2561 proditum
983 2501 1049 2548 est.”

340 2589 352 2622 ¹
370 2592 432 2648 Quid
456 2592 545 2640 mirum
567 2591 651 2642 ruinas
668 2593 729 2642 illud
747 2593 836 2641 minari
853 2593 978 2642 simultis
999 2594 1112 2654 pertibus
1132 2593 1184 2655 jam
1206 2593 1340 2654 oollspsmn

304 2698 376 2741 etse,
395 2685 429 2732 ito
447 2685 546 2746 quidem
563 2694 590 2734 ut
609 2686 629 2734 si
646 2684 784 2734 *suassaius
800 2687 854 2734 solo
871 2686 933 2734 illud
951 2701 1059 2750 toquere
1077 2687 1167 2736 frustra
1178 2688 1210 2738 sit
1221 2694 1338 2744 oenotris,

305 2792 472 2830 successorum
490 2788 588 2839 tamen,
609 2792 670 2842 quos
688 2781 775 2844 procul
792 2781 867 2830 dubio
882 2782 1074 2841 emittuntur,
1088 2783 1207 2845 impetum
1218 2783 1339 2841 sustinere

305 2889 393 2925 vereor
410 2889 442 2924 an
460 2875 545 2938 possit.
571 2875 667 2925 Scilicet
680 2875 791 2924 innititur
803 2876 891 2938 partim
903 2876 1000 2938 quidem
1014 2885 1114 2926 aeterno
1126 2878 1162 2926 illi
1172 2877 1338 2936 fundamento,

304 2971 370 3033 quod
392 2984 465 3020 nemo
487 2984 602 3032 umquam
625 2977 736 3018 evertere
759 2969 866 3029 valebit,
887 2970 1034 3032 Evangelio,
1054 2971 1141 3032 partim
1160 2985 1218 3020 vero
1229 2954 1340 3033 'philoso-

306 3066 377 3128 phioo
394 3066 517 3127 systemati
535 3079 556 3112 s.
579 3065 661 3126 potius
678 3063 864 3126 optematibus,
884 3077 1003 3126 perquam
1018 3063 1126 3126 antiquis
1144 3073 1168 3114 et
1186 3066 1278 3114 dudum
1296 3081 1340 3114 an·-

305 3137 414 3220 thuatis.
450 3159 552 3208 Ριοιιιιι
569 3158 687 3206 assentior
705 3157 758 3206 viro
776 3147 858 3206 oelelt.
875 3159 971 3208 wttue
990 3157 1038 3221 (die
1050 3161 1187 3220 qaecttcttt.
1203 3162 1340 3210 Vorooetet·

305 3251 396 3316 autom
411 3263 452 3304 ner
472 3254 646 3304 &rotensolen
662 3253 861 3314 Glaubemleltre,
874 3254 913 3304 in:
927 3255 1212 3317 timenutensium
1222 3259 1264 3309 (lio
1275 3257 1338 3306 lilst.

305 3350 391 3400 theol.
411 3351 496 3412 Jahrg.
517 3351 597 3400 ists.
617 3352 672 3400 5tee
690 3349 721 3398 ll.
735 3375 772 3386 -
786 3350 824 3400 lbi
843 3349 868 3399 S.
891 3352 967 3416 125);
988 3353 1048 3402 »Die
1066 3352 1149 3402 wahre
1167 3352 1278 3416 Aulgtbe
1295 3353 1340 3401 der

305 3423 430 3502 Dogmatik
449 3443 474 3490 ln
492 3456 594 3516 unsel-er
613 3447 667 3493 Zeit
685 3447 745 3494 wird
764 3447 816 3495 sith
834 3448 871 3496 als
882 3447 923 3496 ein
936 3448 1177 3512 Scheidurtqtprooess
1189 3442 1340 3498 bezeiohnen

305 3537 397 3586 lassen.
428 3537 460 3584 tto
477 3536 520 3598 gilt
538 3538 644 3587 nimlich
657 3553 699 3588 vor
711 3540 785 3587 allem
797 3539 912 3598 Andem,
926 3541 966 3590 die
978 3543 1153 3592 substantiales
1161 3544 1282 3591 Monente
1294 3543 1341 3590 der

305 3634 430 3695 Religion,
453 3633 498 3682 der
521 3632 682 3682 christlichen
706 3633 887 3696 Offenbarung,
912 3648 960 3684 von
980 3635 1035 3684 dem
1054 3637 1219 3686 theoretitclen
1236 3637 1340 3686 Zusatze

305 3729 508 3786 sussusoheideu,
528 3729 571 3778 mit
587 3729 705 3778 welchem
723 3730 768 3778 wir
784 3730 820 3778 sie
838 3730 865 3778 in
881 3730 927 3779 ‹ler
946 3731 1097 3782 kirthllelten
1109 3732 1236 3794 Dogmatik
1251 3733 1341 3782 allent·

305 3825 394 3876 halben
408 3831 513 3872 versettt
528 3824 665 3874 vorfinden.
692 3824 733 3875 Sit
746 3826 807 3874 vird
820 3827 872 3876 sich
885 3825 967 3876 lerner
979 3827 1016 3876 aio
1023 3827 1065 3876 ein
1077 3826 1341 3890 Vermittlonoeprooess

305 3923 453 3973 bezeichnen
471 3921 561 3970 lassen.
590 3921 669 3972 Wenn
688 3921 809 3979 nimlieh,
823 3936 874 3970 was
888 3923 914 3970 in
924 3923 1009 3986 jenom
1023 3922 1289 3986 icteidungsproeeoe
1302 3923 1341 3970 als

305 4011 348 4062 die
372 4015 489 4066 Schlacke
512 4015 581 4064 einer
604 4017 660 4064 dem
679 4016 830 4078 gediegenen
849 4018 1017 4066 metallischen
1039 4018 1121 4066 Korne
1144 4017 1189 4066 der
1208 4018 1341 4079 religiosen

304 4107 423 4156 Substanz
441 4107 606 4157 atisserlichen
625 4110 805 4160 theoretischen
822 4111 894 4159 Form
912 4113 1016 4161 erlannt
1031 4112 1130 4161 worden
1143 4113 1188 4170 ist,
1207 4111 1341 4171 allerdings

306 4203 345 4252 bei
363 4202 428 4252 Seite
444 4217 474 4250 zu
493 4204 564 4263 legen
581 4203 632 4252 und
651 4205 694 4254 der
712 4203 854 4254 Geschiohte
870 4204 914 4252 der
933 4203 1086 4266 Philosophie
1102 4207 1152 4254 und
1169 4207 1214 4256 der
1231 4207 1340 4255 Wlssen·

305 4297 381 4348 sentit
401 4299 437 4346 uls
456 4299 494 4347 ihr
513 4299 657 4360 Eigenthum
676 4315 705 4348 zu
724 4302 921 4353 uberantworten
940 4299 984 4346 ist:
1006 4313 1032 4347 so
1050 4301 1109 4348 wiri
1127 4302 1236 4364 deneges
1252 4301 1277 4350 in
1295 4303 1339 4349 Be·
