2959 5284
707 487 905 549 -136-

282 669 370 722 Grotii
381 669 490 722 ostende
502 669 600 720 lilium:
615 667 734 719 animum
747 668 824 718 illum
836 678 952 720 erectum
960 677 989 718 et
997 666 1136 720 infractum
1146 668 1175 718 in
1182 667 1317 718 calamita-

283 763 354 814 tibus
364 763 475 833 publicis
487 779 520 814 ue
531 761 636 831 dejiciat
645 761 804 814 domesticus
814 761 899 813 dolor.
920 763 994 813 Forti
1005 763 1094 843 animp
1103 763 1219 813 mmmm
1231 763 1316 814 inuar-

282 857 366 924 gentis
377 857 406 908 in
418 865 445 906 te
457 854 542 925 plebis
553 854 652 906 rabiem
663 865 830 907 contemnere
840 856 965 924 potuisti:
981 831 1117 926 paternam
1128 854 1176 904 Dei
1187 855 1316 906 visitatio·

282 969 344 1004 nem
353 952 440 1002 animo
450 949 552 1018 dejecto
562 967 596 1002 ne
606 951 697 1001 tolera.
718 951 760 1000 lta
772 951 897 1002 nimirum
907 950 978 1002 Deus
989 949 1111 1002 omnibus
1119 966 1186 1018 quae
1198 949 1315 1000 animum

283 1054 403 1096 nostrum
412 1055 495 1096 terrae
507 1043 606 1110 ailigere
619 1054 728 1114 possunt
737 1045 914 1113 spoliatosnos
922 1046 1003 1114 eupit,
1013 1052 1045 1096 ut
1052 1043 1175 1096 omnibus
1184 1018 1314 1104 destinati,

236 1131 239 1138 ¹
283 1148 311 1190 et
323 1138 390 1190 nudi
402 1139 493 1203 velut,
506 1140 534 1190 in
547 1140 631 1209 ipsum
644 1140 728 1190 solum
740 1138 930 1202 recumbamus,
944 1137 1123 1210 despectisque
1134 1137 1229 1189 mundi
1238 1138 1316 1206 hujus

282 1233 444 1285 vanitatibus
462 1233 580 1286 caelestia
597 1233 673 1284 unice
692 1231 861 1307 adspiremus.
899 1229 1039 1301 Aoqrriesce
1050 1231 1182 1284 voluntati
1193 1229 1313 1295 divinae,

281 1345 334 1398 quo
351 1339 378 1380 te
395 1327 448 1379 fata
464 1327 588 1390 trahunt,
606 1345 660 1378 non
679 1327 779 1406 ipffitus
791 1343 907 1397 sequare.
937 1326 1030 1377 Uxoris
1040 1336 1115 1390 tuae,
1129 1328 1182 1394 jam
1194 1325 1316 1376 omnibus

282 1422 352 1473 vitae
363 1421 441 1491 hujus
454 1431 481 1474 et
493 1423 565 1473 exilii
577 1400 857 1505 trlstissimizmolestiis
869 1420 1022 1485 defunctae,
1041 1439 1070 1471 ac
1082 1420 1241 1472 aeternitatis
1253 1437 1315 1470 can·

282 1514 402 1580 didatae,
416 1515 514 1568 felicior
526 1526 609 1568 status
622 1515 742 1568 dolorem
753 1525 830 1566 tuum
847 1516 938 1565 leniat.
959 1515 1040 1578 Vere,
1055 1514 1077 1564 si
1089 1514 1172 1566 luctui
1184 1512 1312 1585 indulges,

280 1627 335 1662 non
347 1611 436 1672 illam,
450 1608 496 1662 sed
508 1619 535 1662 te
548 1609 630 1662 doles.
656 1608 805 1678 superanda
818 1609 902 1660 omnis
914 1607 1019 1659 fortuna
1030 1605 1138 1660 serendo
1149 1617 1198 1660 est.
1229 1609 1315 1659 Luetu

280 1705 363 1760 nimio
384 1701 460 1754 dolor
478 1714 567 1756 noster
586 1721 639 1755 non
659 1705 760 1756 lenitur
775 1701 822 1754 sed
838 1702 1009 1768 recrudescit,
1027 1701 1122 1754 sortem
1143 1703 1260 1754 animum
1280 1720 1315 1754 ne

281 1798 386 1866 stringit
402 1781 524 1868 quidem,
549 1797 684 1850 imbellem
701 1807 728 1849 et
749 1797 903 1866 languidum
915 1798 1012 1850 muciat
1027 1815 1057 1848 ac
1073 1797 1212 1848 conturbat
1227 1796 1313 1848 dolor.

279 1893 350 1944 Deus
366 1893 412 1964 qui
430 1903 457 1945 te
473 1893 564 1944 afflixit
585 1885 857 1962 spiritu⁴fottiiirdinis
874 1910 905 1944 ac
921 1893 1083 1945 constantiae
1101 1892 1221 1944 animum
1238 1902 1315 1944 tarum

280 1989 398 2050 muniat,
417 1988 644 2058 calamitatemque
656 1997 730 2040 tuam
741 1987 883 2055 majoribus
894 1985 969 2038 bonis
986 1996 1145 2056 compenset.
1172 1987 1214 2038 Ita
1231 2003 1315 2039 voveo

805 2105 906 2156 Illustr.
920 2105 994 2156 Tuae
1005 2105 1108 2175 amplis.
1122 2103 1315 2157 addictissimus
1385 2153 1394 2168 ,

315 2198 503 2252 Amstelodarni
519 2203 597 2254 1672.
679 2269 681 2274 Ι
904 2198 1042 2268 Philippus
1053 2215 1068 2248 a
1080 2198 1230 2250 linborch.

713 2339 885 2365 «⁴0.—

609 2456 904 2528 APPENDIX
939 2456 984 2526 l).

784 2702 814 2762 l.

696 2813 761 2882 (uu
789 2833 817 2880 p.
842 2817 898 2884 39).

316 3031 395 3098 Quod
407 3035 535 3103 meipsum
547 3034 656 3094 attinet,
674 3030 757 3082 fateor
773 3048 816 3082 me
832 3031 917 3082 aliena
929 3030 1116 3100 (Calviuistica)
1130 3028 1251 3097 murata
1261 3029 1315 3082 fere

280 3144 340 3178 urm
357 3135 476 3176 materno
493 3126 562 3178 lacte
578 3125 690 3184 suxisse,
714 3125 797 3196 iisque
813 3125 842 3174 in
859 3124 1018 3194 primoribus
1034 3123 1224 3178 adolescentiae
1239 3127 1316 3178 annis

279 3223 385 3290 penitus
397 3219 531 3272 imbutum
542 3217 634 3284 fuisse,
647 3217 820 3270 nihilominus
831 3219 897 3270 vicit
907 3219 948 3271 vis
959 3218 1086 3282 veritatis,
1099 3229 1128 3271 et
1139 3220 1228 3272 omnia
1238 3237 1314 3288 prae-

278 3315 437 3383 judiciorum
448 3316 568 3385 repagula
579 3314 706 3384 perrupit.
733 3313 860 3367 Movebat
870 3314 1000 3383 imprimis
1010 3312 1084 3384 quod
1095 3313 1214 3368 viderem
1223 3331 1315 3366 omnes

278 3410 439 3479 antiquiores
455 3408 640 3478 Philosophus,
659 3426 714 3461 non
731 3406 812 3460 modo
829 3409 1029 3479 Peripateticos,
1047 3408 1095 3462 sed
1105 3410 1187 3462 etiam
1196 3391 1315 3462 Platoni·

279 3521 337 3566 cos,
360 3519 472 3572 quorum
490 3502 602 3554 lectione
627 3503 763 3554 interdum
787 3502 950 3567 delectabar,
974 3489 1125 3557 constanter
1150 3521 1261 3556 asserere
1283 3505 1315 3555 ri

280 3595 323 3662 ἔφ’
342 3596 411 3661 ἡμῖν.
431 3594 482 3650 Sed
494 3614 554 3648 cum
566 3613 606 3648 res
618 3595 717 3648 ethicas
727 3597 856 3648 attentius
867 3596 1056 3652 considerarem
1068 3608 1096 3651 et
1107 3597 1244 3654 eridanus
1256 3616 1315 3668 per-

280 3695 392 3764 ciperem
413 3691 476 3744 boni
493 3701 520 3756 ep
538 3692 603 3744 mali
620 3690 725 3744 moralis
741 3701 848 3743 natum
864 3709 919 3744 esse
934 3710 1039 3762 prorsus
1056 3693 1247 3758 immutabiles,
1266 3711 1316 3746 nee

280 3805 369 3840 revera
383 3787 417 3838 ab
434 3787 514 3857 ipsius
531 3785 580 3838 Dei
597 3786 705 3840 arbitrio
722 3784 837 3856 pendere
850 3785 922 3854 (eum
933 3786 984 3840 hoc
994 3786 1134 3840 discrima
1145 3788 1315 3841 honestorum

279 3896 306 3938 et
317 3887 437 3956 turpium
452 3885 540 3953 potius
554 3883 588 3934 ab
610 3883 770 3936 immutabili
791 3892 886 3935 natura
896 3883 945 3936 Dei
957 3882 1132 3937 derivandum
1143 3884 1189 3954 sit)
1201 3901 1256 3936 non
1266 3901 1315 3954 po-

266 4015 268 4020 ·
279 3991 361 4032 teram
370 3981 426 4032 Deo
435 3977 579 4030 adscribere
591 3977 720 4030 horrenda
731 3977 782 4029 ista
792 3961 905 4042 (leuata,
914 3978 1010 4050 quibus
1017 3996 1051 4032 ex
1059 3995 1132 4032 mero
1140 3969 1311 4049 beneplacito,

280 4075 399 4125 homines
419 4075 535 4125 insontes
554 4073 598 4124 rel
614 4070 648 4126 ad
666 4081 784 4125 aeternos
800 4072 942 4136 eruciatus,
956 4073 999 4127 vel
1017 4071 1052 4124 ad
1067 4073 1156 4143 culpas
1170 4082 1199 4126 et
1209 4080 1314 4142 pesam

278 4165 391 4220 aeternis
410 4164 566 4218 eruentibus
584 4165 698 4230 luenda,
719 4165 908 4219 inevitabiliter
926 4164 1072 4220 damnaret.
1103 4168 1158 4220 Nec
1173 4167 1314 4238 quicquam

278 4261 344 4314 truhi
357 4262 451 4315 certitu
464 4259 611 4326 constabat,
627 4279 705 4330 quarn
718 4260 813 4312 horum
825 4258 989 4312 decretorum
1001 4271 1151 4325 assertores,
1165 4261 1245 4332 ipsius
1256 4278 1314 4331 peo-
1421 4319 1426 4324 ,
1470 4266 1473 4273 “
