<?xml version="1.0" encoding="UTF-8"?>
<!DOCTYPE html PUBLIC "-//W3C//DTD XHTML 1.0 Transitional//EN"
    "http://www.w3.org/TR/xhtml1/DTD/xhtml1-transitional.dtd">
<html xmlns="http://www.w3.org/1999/xhtml" xml:lang="en" lang="en">
 <head>
  <title>
</title>
<meta http-equiv="Content-Type" content="text/html;charset=utf-8" />
  <meta name='ocr-system' content='tesseract 3.04.00' />
  <meta name='ocr-capabilities' content='ocr_page ocr_carea ocr_par ocr_line ocrx_word'/>
</head>
<body>
  <div class='ocr_page' id='page_1' title='image "./dissertatiotheo00hoevgoog_0118.png"; bbox 0 0 2959 5284; ppageno 0'>
   <div class='ocr_carea' id='block_1_1' title="bbox 740 467 918 530">
    <p class='ocr_par' dir='ltr' id='par_1_1' title="bbox 740 467 918 530">
     <span class='ocr_line' id='line_1_1' title="bbox 740 467 918 530; baseline 0.011 -16"><span class='ocrx_word' id='word_1_1' title='bbox 740 467 918 530; x_wconf 61' lang='lat'>...90-</span> 
     </span>
    </p>
   </div>
   <div class='ocr_carea' id='block_1_2' title="bbox 302 647 1382 2657">
    <p class='ocr_par' dir='ltr' id='par_1_2' title="bbox 302 647 1382 2657">
     <span class='ocr_line' id='line_1_2' title="bbox 311 647 1344 740; baseline 0.002 -26"><span class='ocrx_word' id='word_1_2' title='bbox 311 673 375 714; x_wconf 82' lang='lat' dir='ltr'><strong>esse</strong></span> <span class='ocrx_word' id='word_1_3' title='bbox 396 648 819 737; x_wconf 70' lang='lat' dir='ltr'><strong>Smipturae&#39;interpm‘tem,</strong></span> <span class='ocrx_word' id='word_1_4' title='bbox 836 651 858 713; x_wconf 88' lang='lat' dir='ltr'><strong>i.</strong></span> <span class='ocrx_word' id='word_1_5' title='bbox 876 675 905 715; x_wconf 87' lang='lat' dir='ltr'><strong>e.</strong></span> <span class='ocrx_word' id='word_1_6' title='bbox 921 647 1344 740; x_wconf 71' lang='lat' dir='ltr'><strong>regidamadquamsm&#39;p-</strong></span> 
     </span>
     <span class='ocr_line' id='line_1_3' title="bbox 313 761 1345 852; baseline 0.002 -26"><span class='ocrx_word' id='word_1_7' title='bbox 313 779 402 828; x_wconf 80' lang='lat' dir='ltr'><strong>turae</strong></span> <span class='ocrx_word' id='word_1_8' title='bbox 421 762 583 827; x_wconf 70' lang='lat' dir='ltr'><strong>censuerit</strong></span> <span class='ocrx_word' id='word_1_9' title='bbox 604 761 776 852; x_wconf 75' lang='lat' dir='ltr'><strong>exigendus</strong></span> <span class='ocrx_word' id='word_1_10' title='bbox 787 763 968 850; x_wconf 76' lang='lat' dir='ltr'><strong>,quoniam</strong></span> <span class='ocrx_word' id='word_1_11' title='bbox 990 762 1115 828; x_wconf 70' lang='lat' dir='ltr'><strong>demeto</strong></span> <span class='ocrx_word' id='word_1_12' title='bbox 1131 761 1345 828; x_wconf 74' lang='lat' dir='ltr'><strong>Dei-revelata</strong></span> 
     </span>
     <span class='ocr_line' id='line_1_4' title="bbox 311 871 1346 964; baseline 0.002 -24"><span class='ocrx_word' id='word_1_13' title='bbox 311 878 392 940; x_wconf 82' lang='lat' dir='ltr'><strong>ratio</strong></span> <span class='ocrx_word' id='word_1_14' title='bbox 410 873 471 938; x_wconf 89' lang='lat' dir='ltr'><strong>sibi</strong></span> <span class='ocrx_word' id='word_1_15' title='bbox 491 871 600 940; x_wconf 80' lang='lat' dir='ltr'><strong>reliota</strong></span> <span class='ocrx_word' id='word_1_16' title='bbox 617 897 798 963; x_wconf 85' lang='lat' dir='ltr'><strong>numquam</strong></span> <span class='ocrx_word' id='word_1_17' title='bbox 817 876 1030 964; x_wconf 79' lang='lat' dir='ltr'><strong>eognov‘iaaet3</strong></span> <span class='ocrx_word' id='word_1_18' title='bbox 1043 875 1155 964; x_wconf 81' lang='lat' dir='ltr'><strong>itaque</strong></span> <span class='ocrx_word' id='word_1_19' title='bbox 1172 895 1234 940; x_wconf 73' lang='lat' dir='ltr'><strong>nee</strong></span> <span class='ocrx_word' id='word_1_20' title='bbox 1251 875 1291 942; x_wconf 74' lang='lat' dir='ltr'><strong>de</strong></span> <span class='ocrx_word' id='word_1_21' title='bbox 1308 877 1346 941; x_wconf 78' lang='lat' dir='ltr'><strong>iis</strong></span> 
     </span>
     <span class='ocr_line' id='line_1_5' title="bbox 310 987 1347 1078; baseline -0.001 -24"><span class='ocrx_word' id='word_1_22' title='bbox 310 988 493 1078; x_wconf 78' lang='lat' dir='ltr'><strong>abjudicare</strong></span> <span class='ocrx_word' id='word_1_23' title='bbox 512 1005 615 1076; x_wconf 84' lang='lat' dir='ltr'><strong>potest</strong></span> <span class='ocrx_word' id='word_1_24' title='bbox 633 987 720 1077; x_wconf 86' lang='lat' dir='ltr'><strong>(Lib.</strong></span> <span class='ocrx_word' id='word_1_25' title='bbox 735 988 780 1071; x_wconf 78' lang='lat' dir='ltr'><strong>t,</strong></span> <span class='ocrx_word' id='word_1_26' title='bbox 803 990 914 1071; x_wconf 61' lang='lat' dir='ltr'><strong>alb,</strong></span> <span class='ocrx_word' id='word_1_27' title='bbox 938 989 959 1071; x_wconf 86' lang='lat'><em>§</em></span> <span class='ocrx_word' id='word_1_28' title='bbox 979 988 1054 1076; x_wconf 81' lang='lat'>13);</span> <span class='ocrx_word' id='word_1_29' title='bbox 1077 987 1280 1074; x_wconf 70' lang='lat' dir='ltr'><strong>deindepost</strong></span> <span class='ocrx_word' id='word_1_30' title='bbox 1293 1011 1347 1053; x_wconf 83' lang='lat' dir='ltr'><strong>re·</strong></span> 
     </span>
     <span class='ocr_line' id='line_1_6' title="bbox 312 1079 1382 1191; baseline -0.002 -25"><span class='ocrx_word' id='word_1_31' title='bbox 312 1098 502 1166; x_wconf 80' lang='lat' dir='ltr'>velationem</span> <span class='ocrx_word' id='word_1_32' title='bbox 519 1079 649 1165; x_wconf 81' lang='lat' dir='ltr'><strong>multae</strong></span> <span class='ocrx_word' id='word_1_33' title='bbox 658 1115 830 1188; x_wconf 83' lang='lat' dir='ltr'><strong>supersunt</strong></span> <span class='ocrx_word' id='word_1_34' title='bbox 844 1097 1046 1166; x_wconf 70' lang='lat' dir='ltr'><strong>dffimltates&#39;</strong></span> <span class='ocrx_word' id='word_1_35' title='bbox 1060 1100 1175 1164; x_wconf 85' lang='lat' dir='ltr'><strong>rationi</strong></span> <span class='ocrx_word' id='word_1_36' title='bbox 1186 1099 1346 1166; x_wconf 75' lang='lat' dir='ltr'><strong>humanae</strong></span> <span class='ocrx_word' id='word_1_37' title='bbox 1378 1185 1382 1191; x_wconf 15' lang='grc' dir='ltr'><em>ῃ</em></span> 
     </span>
     <span class='ocr_line' id='line_1_7' title="bbox 312 1211 1344 1307; baseline -0.002 -29"><span class='ocrx_word' id='word_1_38' title='bbox 312 1213 611 1307; x_wconf 70' lang='lat' dir='ltr'><strong>impervestigabiles</strong></span> <span class='ocrx_word' id='word_1_39' title='bbox 629 1212 667 1302; x_wconf 89' lang='lat' dir='ltr'><strong>(l.</strong></span> <span class='ocrx_word' id='word_1_40' title='bbox 686 1211 813 1297; x_wconf 85' lang='lat' dir='ltr'><strong>land.§</strong></span> <span class='ocrx_word' id='word_1_41' title='bbox 835 1215 881 1302; x_wconf 82' lang='lat' dir='ltr'><strong>t).</strong></span> <span class='ocrx_word' id='word_1_42' title='bbox 921 1213 1008 1278; x_wconf 74' lang='lat' dir='ltr'><strong>Hier</strong></span> <span class='ocrx_word' id='word_1_43' title='bbox 1025 1213 1092 1278; x_wconf 86' lang='lat' dir='ltr'><strong>duo</strong></span> <span class='ocrx_word' id='word_1_44' title='bbox 1111 1213 1209 1302; x_wconf 80' lang='lat' dir='ltr'><strong>igitur</strong></span> <span class='ocrx_word' id='word_1_45' title='bbox 1228 1213 1344 1292; x_wconf 78' lang='lat' dir='ltr'><strong>tennit3</strong></span> 
     </span>
     <span class='ocr_line' id='line_1_8' title="bbox 312 1325 1347 1420; baseline 0 -28"><span class='ocrx_word' id='word_1_46' title='bbox 312 1329 347 1394; x_wconf 90' lang='lat' dir='ltr'><strong>in</strong></span> <span class='ocrx_word' id='word_1_47' title='bbox 370 1327 489 1420; x_wconf 82' lang='lat' dir='ltr'><strong>quibus</strong></span> <span class='ocrx_word' id='word_1_48' title='bbox 507 1327 629 1411; x_wconf 82' lang='lat' dir='ltr'><strong>latent,</strong></span> <span class='ocrx_word' id='word_1_49' title='bbox 650 1326 769 1410; x_wconf 77' lang='lat' dir='ltr'><strong>fateor,</strong></span> <span class='ocrx_word' id='word_1_50' title='bbox 787 1344 854 1394; x_wconf 82' lang='lat' dir='ltr'><strong>tam</strong></span> <span class='ocrx_word' id='word_1_51' title='bbox 878 1325 1095 1394; x_wconf 79' lang='lat' dir='ltr'><strong>Rationalismi</strong></span> <span class='ocrx_word' id='word_1_52' title='bbox 1111 1351 1210 1416; x_wconf 86' lang='lat' dir='ltr'><strong>quam</strong></span> <span class='ocrx_word' id='word_1_53' title='bbox 1229 1326 1347 1416; x_wconf 83' lang='lat' dir='ltr'><strong>Super·</strong></span> 
     </span>
     <span class='ocr_line' id='line_1_9' title="bbox 311 1439 1346 1528; baseline -0.002 -22"><span class='ocrx_word' id='word_1_54' title='bbox 311 1439 508 1508; x_wconf 77' lang='lat' dir='ltr'><strong>naturalismi</strong></span> <span class='ocrx_word' id='word_1_55' title='bbox 526 1442 691 1528; x_wconf 87' lang='lat' dir='ltr'><strong>principia.</strong></span> <span class='ocrx_word' id='word_1_56' title='bbox 724 1439 806 1506; x_wconf 86' lang='lat' dir='ltr'><strong>Rem</strong></span> <span class='ocrx_word' id='word_1_57' title='bbox 821 1455 878 1506; x_wconf 81' lang='lat' dir='ltr'><strong>sua</strong></span> <span class='ocrx_word' id='word_1_58' title='bbox 891 1445 992 1506; x_wconf 81' lang='lat' dir='ltr'><strong>aetate</strong></span> <span class='ocrx_word' id='word_1_59' title='bbox 1002 1441 1152 1506; x_wconf 84' lang='lat' dir='ltr'><strong>nondum</strong></span> <span class='ocrx_word' id='word_1_60' title='bbox 1162 1457 1346 1506; x_wconf 80' lang='lat' dir='ltr'><strong>controver-</strong></span> 
     </span>
     <span class='ocr_line' id='line_1_10' title="bbox 311 1552 1345 1642; baseline 0 -26"><span class='ocrx_word' id='word_1_61' title='bbox 311 1576 378 1616; x_wconf 89' lang='lat' dir='ltr'><strong>sam</strong></span> <span class='ocrx_word' id='word_1_62' title='bbox 404 1554 550 1639; x_wconf 83' lang='lat' dir='ltr'><strong>expedire</strong></span> <span class='ocrx_word' id='word_1_63' title='bbox 578 1577 620 1617; x_wconf 86' lang='lat' dir='ltr'><strong>ne</strong></span> <span class='ocrx_word' id='word_1_64' title='bbox 639 1569 770 1618; x_wconf 85' lang='lat' dir='ltr'><strong>conatus</strong></span> <span class='ocrx_word' id='word_1_65' title='bbox 787 1554 930 1642; x_wconf 64' lang='lat' dir='ltr'><strong>‘quidem</strong></span> <span class='ocrx_word' id='word_1_66' title='bbox 958 1569 1005 1618; x_wconf 82' lang='lat' dir='ltr'><strong>est</strong></span> <span class='ocrx_word' id='word_1_67' title='bbox 1027 1552 1269 1634; x_wconf 85' lang='lat' dir='ltr'><strong>Limborohius‚</strong></span> <span class='ocrx_word' id='word_1_68' title='bbox 1286 1554 1345 1618; x_wconf 81' lang='lat' dir='ltr'><strong>nisi</strong></span> 
     </span>
     <span class='ocr_line' id='line_1_11' title="bbox 311 1662 1347 1756; baseline 0.001 -28"><span class='ocrx_word' id='word_1_69' title='bbox 311 1665 401 1752; x_wconf 90' lang='lat' dir='ltr'><strong>quod</strong></span> <span class='ocrx_word' id='word_1_70' title='bbox 422 1687 496 1730; x_wconf 84' lang='lat' dir='ltr'><strong>vere</strong></span> <span class='ocrx_word' id='word_1_71' title='bbox 522 1664 611 1730; x_wconf 85' lang='lat' dir='ltr'><strong>dicat&#39;</strong></span> <span class='ocrx_word' id='word_1_72' title='bbox 623 1663 712 1730; x_wconf 88' lang='lat' dir='ltr'><strong>aliud</strong></span> <span class='ocrx_word' id='word_1_73' title='bbox 732 1688 796 1730; x_wconf 74' lang='lat' dir='ltr'><strong>ease</strong></span> <span class='ocrx_word' id='word_1_74' title='bbox 814 1663 938 1756; x_wconf 84' lang='lat' dir='ltr'><strong>aliquid</strong></span> <span class='ocrx_word' id='word_1_75' title='bbox 957 1671 1024 1729; x_wconf 86' lang='lat' dir='ltr'><strong>non</strong></span> <span class='ocrx_word' id='word_1_76' title='bbox 1041 1663 1238 1755; x_wconf 76' lang='lat' dir='ltr'><strong>intelligere,</strong></span> <span class='ocrx_word' id='word_1_77' title='bbox 1257 1662 1347 1730; x_wconf 89' lang='lat' dir='ltr'><strong>aliud</strong></span> 
     </span>
     <span class='ocr_line' id='line_1_12' title="bbox 311 1775 1347 1869; baseline 0.001 -28"><span class='ocrx_word' id='word_1_78' title='bbox 311 1776 439 1842; x_wconf 85' lang='lat' dir='ltr'><strong>evidens</strong></span> <span class='ocrx_word' id='word_1_79' title='bbox 458 1779 492 1841; x_wconf 93' lang='lat' dir='ltr'><strong>in</strong></span> <span class='ocrx_word' id='word_1_80' title='bbox 508 1801 546 1842; x_wconf 80' lang='lat' dir='ltr'><strong>oo</strong></span> <span class='ocrx_word' id='word_1_81' title='bbox 567 1775 745 1842; x_wconf 85' lang='lat' dir='ltr'><strong>absurdum</strong></span> <span class='ocrx_word' id='word_1_82' title='bbox 761 1801 928 1868; x_wconf 81' lang='lat' dir='ltr'><strong>agnosoere</strong></span> <span class='ocrx_word' id='word_1_83' title='bbox 941 1775 979 1866; x_wconf 92' lang='lat' dir='ltr'><strong>(l</strong></span> <span class='ocrx_word' id='word_1_84' title='bbox 997 1775 1116 1869; x_wconf 85' lang='lat' dir='ltr'><strong>laud).</strong></span> <span class='ocrx_word' id='word_1_85' title='bbox 1152 1777 1193 1843; x_wconf 87' lang='lat' dir='ltr'><strong>In</strong></span> <span class='ocrx_word' id='word_1_86' title='bbox 1207 1801 1273 1866; x_wconf 92' lang='lat' dir='ltr'><strong>quo</strong></span> <span class='ocrx_word' id='word_1_87' title='bbox 1288 1801 1347 1866; x_wconf 87' lang='lat' dir='ltr'><strong>pa-</strong></span> 
     </span>
     <span class='ocr_line' id='line_1_13' title="bbox 311 1887 1348 1980; baseline 0.001 -25"><span class='ocrx_word' id='word_1_88' title='bbox 311 1892 387 1955; x_wconf 83' lang='lat' dir='ltr'><strong>riter</strong></span> <span class='ocrx_word' id='word_1_89' title='bbox 407 1887 484 1955; x_wconf 78' lang='lat' dir='ltr'><strong>latet</strong></span> <span class='ocrx_word' id='word_1_90' title='bbox 502 1889 695 1957; x_wconf 75' lang='lat' dir='ltr'><strong>difficultatis</strong></span> <span class='ocrx_word' id='word_1_91' title='bbox 714 1889 841 1956; x_wconf 82' lang='lat' dir='ltr'><strong>solutio.</strong></span> <span class='ocrx_word' id='word_1_92' title='bbox 875 1888 951 1957; x_wconf 77' lang='lat' dir='ltr'><strong>scil.</strong></span> <span class='ocrx_word' id='word_1_93' title='bbox 969 1890 1187 1980; x_wconf 80' lang='lat' dir='ltr'><strong>quodeunque</strong></span> <span class='ocrx_word' id='word_1_94' title='bbox 1199 1890 1348 1956; x_wconf 89' lang='lat' dir='ltr'><strong>nondum</strong></span> 
     </span>
     <span class='ocr_line' id='line_1_14' title="bbox 311 2000 1348 2094; baseline -0.001 -26"><span class='ocrx_word' id='word_1_95' title='bbox 311 2000 518 2094; x_wconf 77' lang='lat' dir='ltr'><strong>intelligimus</strong></span> <span class='ocrx_word' id='word_1_96' title='bbox 541 2003 694 2071; x_wconf 85' lang='lat' dir='ltr'><strong>haetenus</strong></span> <span class='ocrx_word' id='word_1_97' title='bbox 721 2017 848 2069; x_wconf 80' lang='lat' dir='ltr'><strong>nostrae</strong></span> <span class='ocrx_word' id='word_1_98' title='bbox 872 2004 988 2069; x_wconf 89' lang='lat' dir='ltr'><strong>rationi</strong></span> <span class='ocrx_word' id='word_1_99' title='bbox 1005 2003 1102 2093; x_wconf 88' lang='lat' dir='ltr'><strong>(quae</strong></span> <span class='ocrx_word' id='word_1_100' title='bbox 1120 2027 1189 2069; x_wconf 90' lang='lat' dir='ltr'><strong>non</strong></span> <span class='ocrx_word' id='word_1_101' title='bbox 1206 2019 1253 2067; x_wconf 80' lang='lat' dir='ltr'><strong>eet</strong></span> <span class='ocrx_word' id='word_1_102' title='bbox 1269 2027 1348 2091; x_wconf 82' lang='lat' dir='ltr'><strong>per-</strong></span> 
     </span>
     <span class='ocr_line' id='line_1_15' title="bbox 302 2115 1349 2204; baseline 0.003 -25"><span class='ocrx_word' id='word_1_103' title='bbox 302 2116 397 2204; x_wconf 80' lang='lat' dir='ltr'><strong>feeto</strong></span> <span class='ocrx_word' id='word_1_104' title='bbox 419 2118 499 2181; x_wconf 89' lang='lat' dir='ltr'><strong>ratio</strong></span> <span class='ocrx_word' id='word_1_105' title='bbox 520 2141 546 2182; x_wconf 81' lang='lat' dir='ltr'><strong>a.</strong></span> <span class='ocrx_word' id='word_1_106' title='bbox 568 2118 707 2182; x_wconf 71' lang='lat' dir='ltr'><strong>tamna</strong></span> <span class='ocrx_word' id='word_1_107' title='bbox 725 2120 807 2182; x_wconf 89' lang='lat' dir='ltr'><strong>ratio</strong></span> <span class='ocrx_word' id='word_1_108' title='bbox 826 2115 971 2182; x_wconf 78' lang='lat' dir='ltr'><strong>absolute</strong></span> <span class='ocrx_word' id='word_1_109' title='bbox 988 2118 1033 2181; x_wconf 72' lang='lat' dir='ltr'><strong>aio</strong></span> <span class='ocrx_word' id='word_1_110' title='bbox 1055 2117 1152 2204; x_wconf 74' lang='lat' dir='ltr'><strong>dicta)</strong></span> <span class='ocrx_word' id='word_1_111' title='bbox 1170 2115 1349 2182; x_wconf 77' lang='lat' dir='ltr'><strong>absurdum</strong></span> 
     </span>
     <span class='ocr_line' id='line_1_16' title="bbox 311 2225 1348 2320; baseline 0.002 -26"><span class='ocrx_word' id='word_1_112' title='bbox 311 2243 376 2311; x_wconf 79' lang='lat' dir='ltr'><strong>est,</strong></span> <span class='ocrx_word' id='word_1_113' title='bbox 397 2228 488 2318; x_wconf 86' lang='lat' dir='ltr'><strong>quod</strong></span> <span class='ocrx_word' id='word_1_114' title='bbox 504 2225 588 2293; x_wconf 90' lang='lat' dir='ltr'><strong>illud</strong></span> <span class='ocrx_word' id='word_1_115' title='bbox 608 2229 826 2295; x_wconf 76' lang='lat' dir='ltr'><strong>ratiocinando</strong></span> <span class='ocrx_word' id='word_1_116' title='bbox 844 2246 1011 2320; x_wconf 83' lang='lat' dir='ltr'><strong>tamquam</strong></span> <span class='ocrx_word' id='word_1_117' title='bbox 1029 2253 1177 2317; x_wconf 85' lang='lat' dir='ltr'><strong>superare</strong></span> <span class='ocrx_word' id='word_1_118' title='bbox 1195 2245 1228 2293; x_wconf 85' lang='lat' dir='ltr'><strong>et</strong></span> <span class='ocrx_word' id='word_1_119' title='bbox 1244 2231 1281 2294; x_wconf 90' lang='lat' dir='ltr'><strong>in</strong></span> <span class='ocrx_word' id='word_1_120' title='bbox 1296 2255 1348 2296; x_wconf 85' lang='lat' dir='ltr'><strong>re·</strong></span> 
     </span>
     <span class='ocr_line' id='line_1_17' title="bbox 311 2341 1347 2434; baseline -0.002 -26"><span class='ocrx_word' id='word_1_121' title='bbox 311 2341 482 2434; x_wconf 79' lang='lat' dir='ltr'><strong>liquorum,</strong></span> <span class='ocrx_word' id='word_1_122' title='bbox 500 2357 681 2408; x_wconf 77' lang='lat' dir='ltr'><strong>nostrarum</strong></span> <span class='ocrx_word' id='word_1_123' title='bbox 708 2345 880 2410; x_wconf 87' lang='lat' dir='ltr'><strong>notionum</strong></span> <span class='ocrx_word' id='word_1_124' title='bbox 907 2342 1054 2408; x_wconf 86' lang='lat' dir='ltr'><strong>ordinem</strong></span> <span class='ocrx_word' id='word_1_125' title='bbox 1077 2364 1188 2432; x_wconf 81' lang='lat' dir='ltr'><strong>eogere</strong></span> <span class='ocrx_word' id='word_1_126' title='bbox 1207 2365 1347 2431; x_wconf 73' lang='lat' dir='ltr'><strong>nequea-</strong></span> 
     </span>
     <span class='ocr_line' id='line_1_18' title="bbox 310 2454 1346 2544; baseline 0 -23"><span class='ocrx_word' id='word_1_127' title='bbox 310 2480 399 2538; x_wconf 81' lang='lat' dir='ltr'><strong>mus3</strong></span> <span class='ocrx_word' id='word_1_128' title='bbox 423 2472 456 2520; x_wconf 89' lang='lat' dir='ltr'><strong>at</strong></span> <span class='ocrx_word' id='word_1_129' title='bbox 474 2457 580 2522; x_wconf 76' lang='lat' dir='ltr'><strong>sensui</strong></span> <span class='ocrx_word' id='word_1_130' title='bbox 600 2472 707 2522; x_wconf 84' lang='lat' dir='ltr'><strong>tamen</strong></span> <span class='ocrx_word' id='word_1_131' title='bbox 727 2472 837 2521; x_wconf 88' lang='lat' dir='ltr'><strong>nostro</strong></span> <span class='ocrx_word' id='word_1_132' title='bbox 855 2454 994 2544; x_wconf 87' lang='lat' dir='ltr'><strong>probare</strong></span> <span class='ocrx_word' id='word_1_133' title='bbox 1012 2478 1046 2520; x_wconf 82' lang='lat' dir='ltr'><strong>ae</strong></span> <span class='ocrx_word' id='word_1_134' title='bbox 1064 2470 1166 2542; x_wconf 69' lang='lat' dir='ltr'><strong>potest</strong></span> <span class='ocrx_word' id='word_1_135' title='bbox 1184 2470 1282 2543; x_wconf 86' lang='lat' dir='ltr'><strong>atque</strong></span> <span class='ocrx_word' id='word_1_136' title='bbox 1296 2457 1346 2521; x_wconf 91' lang='lat' dir='ltr'><strong>id-</strong></span> 
     </span>
     <span class='ocr_line' id='line_1_19' title="bbox 310 2567 1348 2657; baseline 0.002 -25"><span class='ocrx_word' id='word_1_137' title='bbox 310 2571 393 2633; x_wconf 84' lang='lat' dir='ltr'><strong>oireo</strong></span> <span class='ocrx_word' id='word_1_138' title='bbox 422 2591 481 2654; x_wconf 88' lang='lat' dir='ltr'><strong>pro</strong></span> <span class='ocrx_word' id='word_1_139' title='bbox 510 2591 585 2633; x_wconf 81' lang='lat' dir='ltr'><strong>vero</strong></span> <span class='ocrx_word' id='word_1_140' title='bbox 607 2567 700 2634; x_wconf 87' lang='lat' dir='ltr'><strong>nobis</strong></span> <span class='ocrx_word' id='word_1_141' title='bbox 719 2568 852 2649; x_wconf 76' lang='lat' dir='ltr'><strong>babari3</strong></span> <span class='ocrx_word' id='word_1_142' title='bbox 875 2583 906 2633; x_wconf 92' lang='lat' dir='ltr'><strong>et</strong></span> <span class='ocrx_word' id='word_1_143' title='bbox 924 2569 1079 2657; x_wconf 83' lang='lat' dir='ltr'><strong>quoniam</strong></span> <span class='ocrx_word' id='word_1_144' title='bbox 1097 2569 1254 2632; x_wconf 79' lang='lat' dir='ltr'><strong>rationem</strong></span> <span class='ocrx_word' id='word_1_145' title='bbox 1271 2591 1348 2634; x_wconf 74' lang='lat' dir='ltr'><strong>noe-</strong></span> 
     </span>
    </p>
   </div>
   <div class='ocr_carea' id='block_1_3' title="bbox 311 2677 1343 2770">
    <p class='ocr_par' dir='ltr' id='par_1_3' title="bbox 311 2677 1343 2770">
     <span class='ocr_line' id='line_1_20' title="bbox 311 2677 1343 2770; baseline 0.004 -28"><span class='ocrx_word' id='word_1_146' title='bbox 311 2695 534 2765; x_wconf 71' lang='lat' dir='ltr'><strong>tnmauperat</strong></span> <span class='ocrx_word' id='word_1_147' title='bbox 547 2701 616 2766; x_wconf 57' lang='grc' dir='ltr'><strong>ερας</strong></span> <span class='ocrx_word' id='word_1_148' title='bbox 633 2693 680 2742; x_wconf 82' lang='lat' dir='ltr'><strong>est</strong></span> <span class='ocrx_word' id='word_1_149' title='bbox 693 2678 762 2743; x_wconf 80' lang='lat' dir='ltr'><strong>fore</strong></span> <span class='ocrx_word' id='word_1_150' title='bbox 774 2692 814 2743; x_wconf 80' lang='lat' dir='ltr'><strong>ut</strong></span> <span class='ocrx_word' id='word_1_151' title='bbox 829 2678 907 2744; x_wconf 79' lang='lat' dir='ltr'><strong>haee</strong></span> <span class='ocrx_word' id='word_1_152' title='bbox 922 2677 1140 2770; x_wconf 77' lang='lat' dir='ltr'><strong>aliquando&#39;id</strong></span> <span class='ocrx_word' id='word_1_153' title='bbox 1150 2696 1343 2769; x_wconf 64' lang='lat' dir='ltr'><strong>essequam</strong></span> 
     </span>
    </p>
   </div>
   <div class='ocr_carea' id='block_1_4' title="bbox 311 2789 1469 2886">
    <p class='ocr_par' dir='ltr' id='par_1_4' title="bbox 311 2789 1469 2886">
     <span class='ocr_line' id='line_1_21' title="bbox 311 2789 1469 2886; baseline 0.004 -29"><span class='ocrx_word' id='word_1_154' title='bbox 311 2789 520 2884; x_wconf 70' lang='lat' dir='ltr'><strong>Talia&#39;q&#39;uam</strong></span> <span class='ocrx_word' id='word_1_155' title='bbox 535 2791 680 2883; x_wconf 86' lang='lat' dir='ltr'><strong>plurima.</strong></span> <span class='ocrx_word' id='word_1_156' title='bbox 692 2811 769 2859; x_wconf 83' lang='lat' dir='ltr'><strong>sunt</strong></span> <span class='ocrx_word' id='word_1_157' title='bbox 786 2796 821 2859; x_wconf 95' lang='lat' dir='ltr'><strong>in</strong></span> <span class='ocrx_word' id='word_1_158' title='bbox 832 2793 1008 2886; x_wconf 78' lang='lat' dir='ltr'><strong>religione,</strong></span> <span class='ocrx_word' id='word_1_159' title='bbox 1026 2817 1133 2885; x_wconf 84' lang='lat' dir='ltr'><strong>neque</strong></span> <span class='ocrx_word' id='word_1_160' title='bbox 1150 2796 1185 2860; x_wconf 90' lang='lat' dir='ltr'><strong>in</strong></span> <span class='ocrx_word' id='word_1_161' title='bbox 1195 2794 1347 2886; x_wconf 80' lang='lat' dir='ltr'><strong>religione</strong></span> <span class='ocrx_word' id='word_1_162' title='bbox 1468 2830 1469 2847; x_wconf 34' lang='grc' dir='ltr'><strong>κ</strong></span> 
     </span>
    </p>
   </div>
   <div class='ocr_carea' id='block_1_5' title="bbox 258 2905 1348 3904">
    <p class='ocr_par' dir='ltr' id='par_1_5' title="bbox 258 2905 1348 3904">
     <span class='ocr_line' id='line_1_22' title="bbox 309 2905 1347 2998; baseline 0 -23"><span class='ocrx_word' id='word_1_163' title='bbox 309 2925 437 2975; x_wconf 84' lang='lat' dir='ltr'><strong>tantum</strong></span> <span class='ocrx_word' id='word_1_164' title='bbox 456 2909 518 2974; x_wconf 70' lang='lat' dir='ltr'><strong>aed</strong></span> <span class='ocrx_word' id='word_1_165' title='bbox 541 2911 576 2974; x_wconf 83' lang='lat' dir='ltr'><strong>in</strong></span> <span class='ocrx_word' id='word_1_166' title='bbox 602 2905 701 2974; x_wconf 84' lang='lat' dir='ltr'><strong>rebus</strong></span> <span class='ocrx_word' id='word_1_167' title='bbox 724 2906 894 2998; x_wconf 79' lang='lat' dir='ltr'><strong>quibusvis</strong></span> <span class='ocrx_word' id='word_1_168' title='bbox 910 2909 1303 2998; x_wconf 72' lang='lat' dir='ltr'><strong>praertantirsimis3&#39;quae</strong></span> <span class='ocrx_word' id='word_1_169' title='bbox 1321 2913 1347 2975; x_wconf 86' lang='lat' dir='ltr'><strong>si</strong></span> 
     </span>
     <span class='ocr_line' id='line_1_23' title="bbox 309 3021 1348 3113; baseline -0.001 -26"><span class='ocrx_word' id='word_1_170' title='bbox 309 3026 388 3111; x_wconf 73' lang='lat' dir='ltr'><strong>quie</strong></span> <span class='ocrx_word' id='word_1_171' title='bbox 400 3039 585 3110; x_wconf 79' lang='lat' dir='ltr'><strong>aspernetur</strong></span> <span class='ocrx_word' id='word_1_172' title='bbox 606 3039 638 3086; x_wconf 92' lang='lat' dir='ltr'><strong>et</strong></span> <span class='ocrx_word' id='word_1_173' title='bbox 657 3045 732 3087; x_wconf 85' lang='lat' dir='ltr'><strong>oum</strong></span> <span class='ocrx_word' id='word_1_174' title='bbox 750 3021 890 3086; x_wconf 68' lang='lat' dir='ltr'><strong>domm</strong></span> <span class='ocrx_word' id='word_1_175' title='bbox 901 3021 1030 3087; x_wconf 74' lang='lat' dir='ltr'><strong>ratione</strong></span> <span class='ocrx_word' id='word_1_176' title='bbox 1041 3045 1187 3113; x_wconf 83' lang='lat' dir='ltr'><strong>pugnare</strong></span> <span class='ocrx_word' id='word_1_177' title='bbox 1199 3025 1348 3111; x_wconf 78' lang='lat' dir='ltr'><strong>opinetur</strong></span> 
     </span>
     <span class='ocr_line' id='line_1_24' title="bbox 258 3129 1346 3224; baseline -0.003 -23"><span class='ocrx_word' id='word_1_178' title='bbox 258 3177 260 3182; x_wconf 34' lang='lat'><strong>¹</strong></span> <span class='ocrx_word' id='word_1_179' title='bbox 309 3129 465 3224; x_wconf 77' lang='lat' dir='ltr'><strong>quoniam</strong></span> <span class='ocrx_word' id='word_1_180' title='bbox 482 3157 575 3198; x_wconf 83' lang='lat' dir='ltr'><strong>suam</strong></span> <span class='ocrx_word' id='word_1_181' title='bbox 585 3150 648 3198; x_wconf 80' lang='lat' dir='ltr'><strong>aut</strong></span> <span class='ocrx_word' id='word_1_182' title='bbox 665 3135 846 3224; x_wconf 74' lang='lat' dir='ltr'><strong>aequalium</strong></span> <span class='ocrx_word' id='word_1_183' title='bbox 861 3155 988 3198; x_wconf 79' lang='lat' dir='ltr'><strong>ruomm</strong></span> <span class='ocrx_word' id='word_1_184' title='bbox 1002 3138 1160 3203; x_wconf 85' lang='lat' dir='ltr'><strong>rationem</strong></span> <span class='ocrx_word' id='word_1_185' title='bbox 1177 3151 1346 3224; x_wconf 69' lang='lat' dir='ltr'><strong>superent,</strong></span> 
     </span>
     <span class='ocr_line' id='line_1_25' title="bbox 310 3247 1348 3338; baseline 0 -25"><span class='ocrx_word' id='word_1_186' title='bbox 310 3248 336 3313; x_wconf 79' lang='lat' dir='ltr'><strong>io</strong></span> <span class='ocrx_word' id='word_1_187' title='bbox 354 3267 421 3314; x_wconf 88' lang='lat' dir='ltr'><strong>non</strong></span> <span class='ocrx_word' id='word_1_188' title='bbox 445 3247 609 3314; x_wconf 81' lang='lat' dir='ltr'><strong>ferendam</strong></span> <span class='ocrx_word' id='word_1_189' title='bbox 634 3248 848 3338; x_wconf 83' lang='lat' dir='ltr'><strong>arrogantiam</strong></span> <span class='ocrx_word' id='word_1_190' title='bbox 865 3247 1077 3337; x_wconf 80' lang='lat' dir='ltr'><strong>miseramque</strong></span> <span class='ocrx_word' id='word_1_191' title='bbox 1097 3250 1207 3336; x_wconf 80' lang='lat' dir='ltr'><strong>prodit</strong></span> <span class='ocrx_word' id='word_1_192' title='bbox 1226 3253 1348 3338; x_wconf 56' lang='lat' dir='ltr'><strong>domor-</strong></span> 
     </span>
     <span class='ocr_line' id='line_1_26' title="bbox 311 3358 1348 3452; baseline -0.004 -22"><span class='ocrx_word' id='word_1_193' title='bbox 311 3361 439 3444; x_wconf 66' lang='lat' dir='ltr'><strong>motta</strong></span> <span class='ocrx_word' id='word_1_194' title='bbox 469 3361 502 3428; x_wconf 86' lang='lat' dir='ltr'><strong>si</strong></span> <span class='ocrx_word' id='word_1_195' title='bbox 523 3385 598 3427; x_wconf 82' lang='lat' dir='ltr'><strong>vero</strong></span> <span class='ocrx_word' id='word_1_196' title='bbox 624 3362 739 3452; x_wconf 81' lang='lat' dir='ltr'><strong>dogma</strong></span> <span class='ocrx_word' id='word_1_197' title='bbox 758 3358 891 3450; x_wconf 91' lang='lat' dir='ltr'><strong>aliquod</strong></span> <span class='ocrx_word' id='word_1_198' title='bbox 909 3360 1038 3426; x_wconf 83' lang='lat' dir='ltr'><strong>evidens</strong></span> <span class='ocrx_word' id='word_1_199' title='bbox 1055 3361 1233 3427; x_wconf 80' lang='lat' dir='ltr'><strong>absurdum</strong></span> <span class='ocrx_word' id='word_1_200' title='bbox 1244 3364 1348 3426; x_wconf 76' lang='lat' dir='ltr'><strong>eonti—</strong></span> 
     </span>
     <span class='ocr_line' id='line_1_27' title="bbox 309 3472 1347 3562; baseline 0.005 -26"><span class='ocrx_word' id='word_1_201' title='bbox 309 3487 402 3556; x_wconf 82' lang='lat' dir='ltr'><strong>neat‚</strong></span> <span class='ocrx_word' id='word_1_202' title='bbox 427 3476 449 3538; x_wconf 91' lang='lat' dir='ltr'><strong>i.</strong></span> <span class='ocrx_word' id='word_1_203' title='bbox 471 3497 499 3538; x_wconf 88' lang='lat' dir='ltr'><strong>e.</strong></span> <span class='ocrx_word' id='word_1_204' title='bbox 523 3497 571 3538; x_wconf 89' lang='lat' dir='ltr'><strong>res</strong></span> <span class='ocrx_word' id='word_1_205' title='bbox 589 3475 756 3562; x_wconf 88' lang='lat' dir='ltr'><strong>utrimque</strong></span> <span class='ocrx_word' id='word_1_206' title='bbox 772 3472 879 3538; x_wconf 70' lang='lat' dir='ltr'><strong>claras&#39;</strong></span> <span class='ocrx_word' id='word_1_207' title='bbox 888 3490 920 3537; x_wconf 85' lang='lat' dir='ltr'><strong>et</strong></span> <span class='ocrx_word' id='word_1_208' title='bbox 933 3475 1113 3560; x_wconf 84' lang='lat' dir='ltr'><strong>perspicuas</strong></span> <span class='ocrx_word' id='word_1_209' title='bbox 1127 3475 1181 3540; x_wconf 82' lang='lat' dir='ltr'><strong>sed</strong></span> <span class='ocrx_word' id='word_1_210' title='bbox 1194 3475 1254 3540; x_wconf 89' lang='lat' dir='ltr'><strong>sibi</strong></span> <span class='ocrx_word' id='word_1_211' title='bbox 1269 3499 1347 3541; x_wconf 89' lang='lat' dir='ltr'><strong>oon-</strong></span> 
     </span>
     <span class='ocr_line' id='line_1_28' title="bbox 311 3564 1348 3676; baseline 0.003 -26"><span class='ocrx_word' id='word_1_212' title='bbox 311 3587 419 3652; x_wconf 88' lang='lat' dir='ltr'><strong>trarias</strong></span> <span class='ocrx_word' id='word_1_213' title='bbox 442 3609 502 3676; x_wconf 90' lang='lat' dir='ltr'><strong>pro</strong></span> <span class='ocrx_word' id='word_1_214' title='bbox 522 3587 602 3651; x_wconf 85' lang='lat' dir='ltr'><strong>veris</strong></span> <span class='ocrx_word' id='word_1_215' title='bbox 620 3581 713 3650; x_wconf 90' lang='lat' dir='ltr'><strong>nobis</strong></span> <span class='ocrx_word' id='word_1_216' title='bbox 731 3581 904 3650; x_wconf 86' lang='lat' dir='ltr'><strong>obtrudere</strong></span> <span class='ocrx_word' id='word_1_217' title='bbox 922 3584 1020 3669; x_wconf 85' lang='lat' dir='ltr'><strong>velit,</strong></span> <span class='ocrx_word' id='word_1_218' title='bbox 1033 3564 1348 3676; x_wconf 83' lang='lat' dir='ltr'><strong>oontinuorejioien—</strong></span> 
     </span>
     <span class='ocr_line' id='line_1_29' title="bbox 311 3696 1347 3792; baseline -0.002 -27"><span class='ocrx_word' id='word_1_219' title='bbox 311 3703 390 3766; x_wconf 90' lang='lat' dir='ltr'><strong>dum</strong></span> <span class='ocrx_word' id='word_1_220' title='bbox 412 3719 468 3767; x_wconf 87' lang='lat' dir='ltr'><strong>est.</strong></span> <span class='ocrx_word' id='word_1_221' title='bbox 488 3739 528 3754; x_wconf 93' lang='lat'><em>-</em></span> <span class='ocrx_word' id='word_1_222' title='bbox 544 3699 606 3769; x_wconf 84' lang='lat' dir='ltr'><strong>Sed</strong></span> <span class='ocrx_word' id='word_1_223' title='bbox 625 3716 823 3784; x_wconf 79' lang='lat' dir='ltr'><strong>revertamur</strong></span> <span class='ocrx_word' id='word_1_224' title='bbox 843 3696 931 3764; x_wconf 90' lang='lat' dir='ltr'><strong>unde</strong></span> <span class='ocrx_word' id='word_1_225' title='bbox 944 3700 1072 3792; x_wconf 70' lang='lat' dir='ltr'><strong>digreeri</strong></span> <span class='ocrx_word' id='word_1_226' title='bbox 1094 3725 1217 3766; x_wconf 81' lang='lat' dir='ltr'><strong>sumus.</strong></span> <span class='ocrx_word' id='word_1_227' title='bbox 1257 3702 1347 3766; x_wconf 89' lang='lat' dir='ltr'><strong>Lim.-</strong></span> 
     </span>
     <span class='ocr_line' id='line_1_30' title="bbox 311 3811 1347 3904; baseline -0.003 -24"><span class='ocrx_word' id='word_1_228' title='bbox 311 3812 461 3880; x_wconf 80' lang='lat' dir='ltr'><strong>ltorchius</strong></span> <span class='ocrx_word' id='word_1_229' title='bbox 481 3816 578 3904; x_wconf 85' lang='lat' dir='ltr'><strong>igitur</strong></span> <span class='ocrx_word' id='word_1_230' title='bbox 592 3814 654 3880; x_wconf 87' lang='lat' dir='ltr'><strong>hac</strong></span> <span class='ocrx_word' id='word_1_231' title='bbox 671 3811 874 3895; x_wconf 85' lang='lat' dir='ltr'><strong>difficultate,</strong></span> <span class='ocrx_word' id='word_1_232' title='bbox 899 3837 998 3903; x_wconf 83' lang='lat' dir='ltr'><strong>quam</strong></span> <span class='ocrx_word' id='word_1_233' title='bbox 1010 3837 1079 3878; x_wconf 90' lang='lat' dir='ltr'><strong>non</strong></span> <span class='ocrx_word' id='word_1_234' title='bbox 1092 3815 1251 3902; x_wconf 83' lang='lat' dir='ltr'><strong>expedivit</strong></span> <span class='ocrx_word' id='word_1_235' title='bbox 1265 3836 1347 3903; x_wconf 90' lang='lat' dir='ltr'><strong>quo-</strong></span> 
     </span>
    </p>
   </div>
   <div class='ocr_carea' id='block_1_6' title="bbox 312 3979 548 3995">
    <p class='ocr_par' dir='ltr' id='par_1_6' title="bbox 312 3979 548 3995">
     <span class='ocr_line' id='line_1_31' title="bbox 312 3979 548 3995; baseline 0.017 -4"><span class='ocrx_word' id='word_1_236' title='bbox 312 3979 548 3995; x_wconf 45' lang='lat' dir='ltr'><strong>mmmm—.-</strong></span> 
     </span>
    </p>
   </div>
   <div class='ocr_carea' id='block_1_7' title="bbox 310 4086 1347 4241">
    <p class='ocr_par' dir='ltr' id='par_1_7' title="bbox 310 4086 1347 4241">
     <span class='ocr_line' id='line_1_32' title="bbox 311 4086 1347 4147; baseline 0.006 -15"><span class='ocrx_word' id='word_1_237' title='bbox 311 4086 397 4134; x_wconf 79' lang='lat' dir='ltr'><strong>tuissat</strong></span> <span class='ocrx_word' id='word_1_238' title='bbox 416 4087 474 4135; x_wconf 86' lang='lat' dir='ltr'><strong>nihil</strong></span> <span class='ocrx_word' id='word_1_239' title='bbox 495 4095 576 4136; x_wconf 82' lang='lat' dir='ltr'><strong>tomen</strong></span> <span class='ocrx_word' id='word_1_240' title='bbox 594 4087 648 4136; x_wconf 86' lang='lat' dir='ltr'><strong>indo</strong></span> <span class='ocrx_word' id='word_1_241' title='bbox 669 4103 713 4136; x_wconf 84' lang='lat' dir='ltr'><strong>nos</strong></span> <span class='ocrx_word' id='word_1_242' title='bbox 732 4088 843 4135; x_wconf 73' lang='lat' dir='ltr'><strong>homino·</strong></span> <span class='ocrx_word' id='word_1_243' title='bbox 863 4087 1051 4147; x_wconf 74' lang='lat' dir='ltr'><strong>proficeremua3</strong></span> <span class='ocrx_word' id='word_1_244' title='bbox 1071 4089 1176 4136; x_wconf 73' lang='lat' dir='ltr'><strong>absurda</strong></span> <span class='ocrx_word' id='word_1_245' title='bbox 1197 4091 1264 4138; x_wconf 87' lang='lat' dir='ltr'><strong>euim</strong></span> <span class='ocrx_word' id='word_1_246' title='bbox 1284 4090 1347 4138; x_wconf 75' lang='lat' dir='ltr'><strong>edit·</strong></span> 
     </span>
     <span class='ocr_line' id='line_1_33' title="bbox 310 4181 1347 4241; baseline 0.005 -13"><span class='ocrx_word' id='word_1_247' title='bbox 310 4191 367 4228; x_wconf 84' lang='lat' dir='ltr'><strong>tero</strong></span> <span class='ocrx_word' id='word_1_248' title='bbox 385 4192 513 4241; x_wconf 65' lang='lat' dir='ltr'><strong>possumus</strong></span> <span class='ocrx_word' id='word_1_249' title='bbox 532 4189 558 4230; x_wconf 85' lang='lat' dir='ltr'><strong>et</strong></span> <span class='ocrx_word' id='word_1_250' title='bbox 577 4182 717 4232; x_wconf 84' lang='lat' dir='ltr'><strong>memoriter</strong></span> <span class='ocrx_word' id='word_1_251' title='bbox 734 4181 854 4236; x_wconf 77' lang='lat' dir='ltr'><strong>recitare,</strong></span> <span class='ocrx_word' id='word_1_252' title='bbox 875 4181 947 4230; x_wconf 78' lang='lat' dir='ltr'><strong>tidem</strong></span> <span class='ocrx_word' id='word_1_253' title='bbox 963 4182 1014 4229; x_wconf 79' lang='lat' dir='ltr'><strong>illia</strong></span> <span class='ocrx_word' id='word_1_254' title='bbox 1035 4183 1126 4232; x_wconf 83' lang='lat' dir='ltr'><strong>habere</strong></span> <span class='ocrx_word' id='word_1_255' title='bbox 1145 4187 1279 4234; x_wconf 72' lang='lat' dir='ltr'><strong>salutarem</strong></span> <span class='ocrx_word' id='word_1_256' title='bbox 1299 4201 1347 4234; x_wconf 88' lang='lat' dir='ltr'><strong>non</strong></span> 
     </span>
    </p>
   </div>
   <div class='ocr_carea' id='block_1_8' title="bbox 311 4291 447 4338">
    <p class='ocr_par' dir='ltr' id='par_1_8' title="bbox 311 4291 447 4338">
     <span class='ocr_line' id='line_1_34' title="bbox 311 4291 447 4338; baseline 0 -14"><span class='ocrx_word' id='word_1_257' title='bbox 311 4291 447 4338; x_wconf 72' lang='lat' dir='ltr'><strong>portamur.</strong></span> 
     </span>
    </p>
   </div>
   <div class='ocr_carea' id='block_1_9' title="bbox 0 0 1485 5284">
    <p class='ocr_par' dir='ltr' id='par_1_9' title="bbox 0 0 1485 5284">
     <span class='ocr_line' id='line_1_35' title="bbox 0 0 1485 5284; baseline 0 0"><span class='ocrx_word' id='word_1_258' title='bbox 0 0 1485 5284; x_wconf 95' lang='lat' dir='ltr'><strong> </strong></span> 
     </span>
    </p>
   </div>
  </div>
 </body>
</html>
