2959 5284
583 485 781 547 -135-

166 664 294 731 Quoniam
312 667 346 720 ad
361 667 481 720 indoctos
495 667 590 736 pariter
605 683 635 716 sc
648 664 739 718 doctos
755 666 844 716 concio
857 665 977 718 habenda
986 675 1040 728 est,
1051 667 1088 718 ita
1097 676 1194 716 attens·

161 761 279 829 peranda
292 771 332 814 est
349 755 431 814 oratio
442 770 531 814 nostra
547 762 633 830 captui
645 760 779 822 omnium,
790 767 835 822 ut,
849 761 872 811 si
882 759 939 810 lieri
949 761 1042 828 possit,
1056 760 1084 810 in
1095 777 1127 811 eo
1136 778 1194 811 om·

162 873 225 920 nes,
236 867 372 926 tamquam
383 857 411 908 in
423 857 527 926 opiparo
536 854 670 918 convivio,
683 853 798 914 babeant
808 853 882 924 quod
894 854 977 922 sapiat
986 855 1073 924 palato
1082 871 1139 906 sno.

200 951 314 1002 Maxima
326 949 447 1002 dictionis
458 950 498 1002 vis
509 947 657 1020 quaerenda
668 958 708 1000 eat
722 948 752 1000 in
761 947 939 1015 Pbraseolopia
950 948 977 1000 S.
992 947 1151 1017 Scriptum,
1166 949 1194 1000 iu

164 1048 237 1113 cujus
247 1046 410 1115 simplicitate
420 1045 532 1096 maxima
543 1054 583 1097 est
594 1046 721 1112 majestas.

200 1141 270 1192 Ante
285 1142 372 1194 oannis
384 1142 538 1211 requiritur,
550 1150 581 1192 ut
593 1141 642 1209 ipsi
657 1138 808 1200 affectibus,
819 1156 886 1208 quos
898 1139 926 1190 iu
939 1137 1110 1190 Auditoribus
1124 1141 1194 1190 erci-
1236 1141 1240 1146 ’

166 1245 220 1287 tare
229 1237 356 1304 carpimus,
368 1236 443 1288 vauri
452 1253 506 1286 non
515 1237 604 1296 simus,
617 1251 651 1285 ue
660 1233 739 1284 verba
748 1234 871 1284 extremis
881 1242 985 1284 tantum
994 1231 1070 1284 labiis
1080 1232 1192 1295 hamme,

164 1339 323 1381 nouantem
340 1347 372 1380 ex
389 1329 476 1381 animo
494 1327 629 1397 procedere
643 1327 791 1379 creduntur.

612 1465 749 1486 ¹²*-

377 1631 379 1634 -
479 1583 805 1657 APPENDIX
841 1586 879 1654 G.
946 1650 954 1669 ,

583 1713 646 1779 (Vid.
665 1731 691 1775 ρ.
712 1714 768 1781 36).

237 1903 412 1980 illustrissime
430 1904 492 1966 Vir,

200 1999 301 2050 Duloris
309 2001 349 2050 tui
360 2015 451 2068 expers
462 2017 515 2050 non
527 2001 599 2052 vivo.
619 1999 749 2071 Equidem
760 2004 965 2074 quotiescunque
977 2005 1109 2073 indiguam
1122 2016 1195 2058 tuam

164 2103 260 2144 sortem
275 2092 310 2144 ad
326 2095 444 2146 animum
459 2110 566 2158 revoco,
586 2112 640 2146 nou
656 2112 760 2164 possum
776 2097 841 2166 quin
853 2097 1033 2162 ingemiscam,
1046 2108 1074 2150 et
1084 2100 1196 2152 subinde

165 2186 233 2238 illud
249 2199 379 2258 repetam:
395 2189 525 2242 nuncubi
539 2199 601 2242 sunt
615 2200 689 2242 tanto
705 2192 818 2261 praemia
832 2191 909 2259 digna
922 2193 997 2244 ruo?
1013 2194 1111 2248 Heroas
1119 2197 1196 2248 illus-

165 2290 231 2344 tres,
243 2299 354 2353 quorum
366 2283 394 2332 in
403 2283 513 2350 patriam
525 2284 618 2335 merita
627 2301 661 2335 ne
669 2285 723 2352 ipse
732 2284 842 2354 quidem
851 2287 919 2337 livor
933 2286 1122 2352 obscuraverit,
1133 2307 1196 2340 ean·

165 2375 227 2427 dem
242 2377 351 2446 experiri
367 2393 520 2440 novercam,
538 2395 637 2430 novum
651 2395 704 2429 nou
720 2389 774 2442 est,
791 2397 840 2431 nec
860 2391 950 2432 nostro
967 2379 1076 2432 demum
1094 2386 1196 2435 sacculo

165 2472 259 2522 visum.
278 2471 465 2540 Exemplorum
480 2472 557 2542 plens
573 2481 635 2524 sunt
651 2474 737 2526 omnia
754 2474 868 2538 saecula,
885 2491 933 2524 nec
948 2483 995 2526 tua
1004 2472 1195 2528 domuseaem-

164 2570 209 2638 plo
222 2568 318 2640 illustri
333 2576 411 2620 caret.
431 2567 472 2619 lta
485 2566 564 2618 fatale
581 2565 702 2632 videtur,
716 2584 761 2619 eos
776 2567 823 2638 qui
838 2567 956 2637 publicae
972 2568 1109 2636 invigilant
1118 2572 1196 2624 saluti

163 2683 236 2716 stram
247 2666 376 2717 amittere.
397 2663 544 2717 Multomm
552 2663 599 2716 illa
608 2664 722 2734 capitum
732 2663 836 2728 bellua,
848 2662 1025 2718 benefactores
1033 2683 1092 2718 snos
1100 2666 1193 2729 odisse,

163 2759 312 2812 adulatores
322 2776 385 2810 vero
397 2759 523 2826 suspicere
535 2758 625 2820 solita,
645 2777 719 2810 caeco
731 2760 831 2828 impetu
843 2759 871 2810 in
883 2760 982 2828 optime
992 2761 1101 2813 meritos
1108 2763 1193 2814 irruit.

163 2853 264 2906 Eadem
284 2853 330 2904 illa
342 2853 430 2903 insana
441 2852 511 2903 rabie
523 2851 666 2914 concitata,
680 2852 709 2901 in
721 2861 764 2914 te,
776 2852 877 2902 meritis
888 2854 916 2902 in
926 2856 1038 2921 patriam
1049 2856 1193 2917 illustrem,

163 2948 264 3000 nullius
279 2947 394 2998 criminis
410 2947 527 3014 legitime
543 2945 738 3006 insimulatum,
757 2943 857 2995 nedum
874 2945 1040 3009 convictum,
1061 2956 1195 3020 tamquam

163 3041 351 3113 perduellionis
368 3057 442 3093 reum
461 3040 583 3106 insurgit,
604 3036 804 3107 baecbmtisqn'e
819 3038 902 3090 instar
917 3037 1011 3090 turbae
1030 3049 1057 3090 te
1069 3039 1195 3093 dilaniare

163 3153 194 3187 ae
213 3133 378 3188 membratim
400 3133 542 3205 discerpere
561 3134 647 3201 gestit.
676 3131 841 3186 subductum
855 3142 884 3186 te
899 3132 1043 3203 prudenter
1060 3135 1196 3188 istilnrori

162 3230 322 3296 maledictis,
336 3231 486 3294 calumniis,
506 3229 605 3280 libellis
616 3227 734 3292 famosis,
748 3229 869 3281 homines
879 3229 1007 3280 virulenti
1014 3227 1193 3297 prosuindunt,

162 3327 319 3397 limamque,
326 3327 383 3378 viro
394 3325 505 3376 honesto
513 3325 569 3376 vita
579 3326 632 3394 ipsa
640 3325 779 3394 potiorem,
788 3321 930 3374 mendaciis
936 3321 1110 3391 putidissimis
1120 3322 1194 3375 laede
1238 3389 1246 3396 .

165 3419 320 3472 dilacerant.
342 3420 450 3479 interim
463 3419 531 3470 vivis
543 3419 570 3470 in
581 3417 679 3470 cordati
690 3420 814 3488 cujusque
826 3435 855 3470 nc
865 3418 958 3470 sinceri
968 3418 1127 3484 meritorum,
1134 3427 1195 3468 tuo-
1271 3406 1273 3408 ³

163 3531 223 3566 rum
233 3515 406 3566 mutuatorie
414 3514 503 3566 anime
512 3512 621 3566 honesta
629 3514 670 3565 tui
679 3515 813 3578 memoria,
824 3524 949 3585 tuamque
957 3514 1132 3566 calamitatem
1141 3531 1195 3565 om·

161 3631 210 3664 nes
220 3629 385 3664 communem
397 3612 496 3682 patriae
505 3609 616 3675 ducunt,
629 3610 858 3681 innocentiamque
866 3621 940 3661 tuam
950 3620 1040 3661 contra
1051 3609 1195 3663 malevolo-

164 3719 223 3756 rum
241 3703 384 3756 calumnias
399 3703 512 3756 subinde
528 3705 597 3755 tueri
608 3721 661 3756 non
673 3705 837 3756 embeseunt.
857 3703 1003 3753 Contentus
1012 3710 1069 3752 esto
1080 3701 1157 3752 bonis
1167 3712 1195 3753 et

163 3796 340 3866 prudentibus
351 3800 438 3867 potius
451 3796 604 3859 fautoribus,
616 3813 695 3866 quam
703 3797 805 3848 multis.
825 3794 915 3847 Turba
923 3813 997 3864 saepe
1008 3796 1112 3864 pessinu
1123 3814 1194 3863 argn-

162 3901 295 3944 mentum.
309 3891 409 3943 Verum
417 3893 456 3943 ita
464 3889 576 3943 subinde
586 3891 654 3942 mala
663 3899 708 3940 tara
717 3891 867 3961 patriaeque
876 3900 1041 3960 reputantem
1049 3890 1194 3943 tristimme

163 3986 198 4038 sle
215 3985 290 4038 obitu
306 3985 490 4038 dilectbsimae
506 3995 568 4038 tuae
580 3985 694 4054 conjugis
704 3987 815 4038 nuntius
825 3985 946 4054 perculit.
969 3985 1059 4036 Placet
1069 3985 1193 4036 nimbum

161 4082 358 4151 &pientissimo
363 4081 473 4134 Nursini
482 4097 537 4134 non
545 4097 599 4133 uno
605 4082 734 4133 malorum
744 4097 836 4148 genere
843 4080 1016 4132 constantiam
1024 4089 1098 4131 tuam
1106 4081 1194 4150 explo-

164 4193 232 4228 rare.
250 4177 293 4229 Tu
302 4177 451 4230 dulcissima
461 4177 532 4230 vitre
543 4177 619 4242 socia,
630 4178 708 4229 unico
717 4179 745 4228 in
757 4176 894 4228 afflictione
903 4186 949 4227 tna
958 4175 1059 4239 wlatio,
1071 4175 1148 4227 liberi
1153 4176 1193 4224 tui

162 4279 247 4324 matre
260 4271 499 4340 prudmtisslmaac
512 4267 823 4326 sedulissimaorbisunt.
851 4271 900 4323 llic
914 4282 940 4324 te
952 4271 1094 4338 genuinum
1105 4269 1205 4348 Magni·
1300 4323 1305 4336 ,
