<?xml version="1.0" encoding="UTF-8"?>
<!DOCTYPE html PUBLIC "-//W3C//DTD XHTML 1.0 Transitional//EN"
    "http://www.w3.org/TR/xhtml1/DTD/xhtml1-transitional.dtd">
<html xmlns="http://www.w3.org/1999/xhtml" xml:lang="en" lang="en">
 <head>
  <title>
</title>
<meta http-equiv="Content-Type" content="text/html;charset=utf-8" />
  <meta name='ocr-system' content='tesseract 3.04.00' />
  <meta name='ocr-capabilities' content='ocr_page ocr_carea ocr_par ocr_line ocrx_word'/>
</head>
<body>
  <div class='ocr_page' id='page_1' title='image "./dissertatiotheo00hoevgoog_0023.png"; bbox 0 0 2959 5284; ppageno 0'>
   <div class='ocr_carea' id='block_1_1' title="bbox 661 479 1208 519">
    <p class='ocr_par' dir='ltr' id='par_1_1' title="bbox 661 479 1208 519">
     <span class='ocr_line' id='line_1_1' title="bbox 661 479 1208 519; baseline 0.002 -1"><span class='ocrx_word' id='word_1_1' title='bbox 661 489 743 500; x_wconf 89' lang='grc'><em>“·““·</em></span> <span class='ocrx_word' id='word_1_2' title='bbox 1166 479 1208 519; x_wconf 75' lang='lat' dir='ltr'><em>XV</em></span> 
     </span>
    </p>
   </div>
   <div class='ocr_carea' id='block_1_2' title="bbox 134 629 1243 1838">
    <p class='ocr_par' dir='ltr' id='par_1_2' title="bbox 134 629 1243 1838">
     <span class='ocr_line' id='line_1_2' title="bbox 170 629 1206 718; baseline 0.005 -24"><span class='ocrx_word' id='word_1_3' title='bbox 170 649 227 696; x_wconf 84' lang='lat' dir='ltr'><em>sen</em></span> <span class='ocrx_word' id='word_1_4' title='bbox 241 654 282 695; x_wconf 83' lang='lat' dir='ltr'><em>zu</em></span> <span class='ocrx_word' id='word_1_5' title='bbox 296 653 384 716; x_wconf 78' lang='lat' dir='ltr'><em>seyn,</em></span> <span class='ocrx_word' id='word_1_6' title='bbox 399 654 447 696; x_wconf 79' lang='lat' dir='ltr'><em>wo</em></span> <span class='ocrx_word' id='word_1_7' title='bbox 464 629 568 694; x_wconf 83' lang='lat' dir='ltr'><em>solcbc</em></span> <span class='ocrx_word' id='word_1_8' title='bbox 582 631 663 694; x_wconf 84' lang='lat' dir='ltr'><em>Acte</em></span> <span class='ocrx_word' id='word_1_9' title='bbox 677 638 798 718; x_wconf 85' lang='lat' dir='ltr'><em>passirt</em></span> <span class='ocrx_word' id='word_1_10' title='bbox 812 629 924 694; x_wconf 84' lang='lat' dir='ltr'><em>sind.”</em></span> <span class='ocrx_word' id='word_1_11' title='bbox 948 632 998 695; x_wconf 90' lang='lat' dir='ltr'><em>De</em></span> <span class='ocrx_word' id='word_1_12' title='bbox 1008 631 1123 698; x_wconf 88' lang='lat' dir='ltr'><em>talibus</em></span> <span class='ocrx_word' id='word_1_13' title='bbox 1133 659 1206 699; x_wconf 83' lang='lat' dir='ltr'><em>seu·</em></span> 
     </span>
     <span class='ocr_line' id='line_1_3' title="bbox 171 742 1205 832; baseline 0.006 -26"><span class='ocrx_word' id='word_1_14' title='bbox 171 750 299 808; x_wconf 83' lang='lat' dir='ltr'><em>tentiam</em></span> <span class='ocrx_word' id='word_1_15' title='bbox 318 743 422 807; x_wconf 78' lang='lat' dir='ltr'><strong><em>dicere</em></strong></span> <span class='ocrx_word' id='word_1_16' title='bbox 444 765 508 807; x_wconf 88' lang='lat' dir='ltr'><em>nou</em></span> <span class='ocrx_word' id='word_1_17' title='bbox 533 755 622 806; x_wconf 86' lang='lat' dir='ltr'><em>actas</em></span> <span class='ocrx_word' id='word_1_18' title='bbox 646 755 748 824; x_wconf 80' lang='lat' dir='ltr'><em>uetat,</em></span> <span class='ocrx_word' id='word_1_19' title='bbox 776 766 840 805; x_wconf 89' lang='lat' dir='ltr'><em>nan</em></span> <span class='ocrx_word' id='word_1_20' title='bbox 861 742 1024 807; x_wconf 83' lang='lat' dir='ltr'><em>doctrinae</em></span> <span class='ocrx_word' id='word_1_21' title='bbox 1046 755 1205 832; x_wconf 86' lang='lat' dir='ltr'><em>paucitas.</em></span> 
     </span>
     <span class='ocr_line' id='line_1_4' title="bbox 169 854 1207 944; baseline 0.003 -24"><span class='ocrx_word' id='word_1_22' title='bbox 169 855 238 920; x_wconf 86' lang='lat' dir='ltr'><em>Sed</em></span> <span class='ocrx_word' id='word_1_23' title='bbox 260 877 359 944; x_wconf 86' lang='lat' dir='ltr'><em>neque</em></span> <span class='ocrx_word' id='word_1_24' title='bbox 379 862 459 918; x_wconf 87' lang='lat' dir='ltr'><em>satis</em></span> <span class='ocrx_word' id='word_1_25' title='bbox 483 867 531 918; x_wconf 86' lang='lat' dir='ltr'><em>est</em></span> <span class='ocrx_word' id='word_1_26' title='bbox 552 861 742 918; x_wconf 84' lang='lat' dir='ltr'><em>seutentiam</em></span> <span class='ocrx_word' id='word_1_27' title='bbox 759 854 874 918; x_wconf 90' lang='lat' dir='ltr'><em>dicere.</em></span> <span class='ocrx_word' id='word_1_28' title='bbox 919 854 1072 920; x_wconf 79' lang='lat' dir='ltr'><em>Omnibus</em></span> <span class='ocrx_word' id='word_1_29' title='bbox 1089 858 1207 924; x_wconf 79' lang='lat' dir='ltr'><em>viribus</em></span> 
     </span>
     <span class='ocr_line' id='line_1_5' title="bbox 169 957 1207 1059; baseline -0.001 -28"><span class='ocrx_word' id='word_1_30' title='bbox 169 967 348 1032; x_wconf 76' lang='lat' dir='ltr'><strong><em>enitendum</em></strong></span> <span class='ocrx_word' id='word_1_31' title='bbox 373 989 505 1045; x_wconf 77' lang='lat' dir='ltr'><em>censeo,</em></span> <span class='ocrx_word' id='word_1_32' title='bbox 533 989 573 1030; x_wconf 88' lang='lat' dir='ltr'><em>ne</em></span> <span class='ocrx_word' id='word_1_33' title='bbox 600 979 656 1030; x_wconf 86' lang='lat' dir='ltr'><em>aut</em></span> <span class='ocrx_word' id='word_1_34' title='bbox 682 965 826 1031; x_wconf 86' lang='lat' dir='ltr'><em>libertate</em></span> <span class='ocrx_word' id='word_1_35' title='bbox 846 965 1018 1052; x_wconf 86' lang='lat' dir='ltr'><em>spoliemur</em></span> <span class='ocrx_word' id='word_1_36' title='bbox 1035 957 1060 1059; x_wconf 77' lang='grc' dir='ltr'><em>ᾗ</em></span> <span class='ocrx_word' id='word_1_37' title='bbox 1075 967 1207 1056; x_wconf 71' lang='grc' dir='ltr'><strong><em>Χριστὸς</em></strong></span> 
     </span>
     <span class='ocr_line' id='line_1_6' title="bbox 167 1078 1205 1168; baseline -0.002 -22"><span class='ocrx_word' id='word_1_38' title='bbox 167 1079 251 1164; x_wconf 78' lang='grc' dir='ltr'><em>ἡμᾶς</em></span> <span class='ocrx_word' id='word_1_39' title='bbox 265 1078 484 1168; x_wconf 71' lang='grc' dir='ltr'><em>ἠλευθέρωσεν,</em></span> <span class='ocrx_word' id='word_1_40' title='bbox 500 1093 558 1143; x_wconf 88' lang='lat' dir='ltr'><em>aut</em></span> <span class='ocrx_word' id='word_1_41' title='bbox 567 1079 654 1165; x_wconf 83' lang='lat' dir='ltr'><em>fidei</em></span> <span class='ocrx_word' id='word_1_42' title='bbox 668 1087 797 1142; x_wconf 82' lang='lat' dir='ltr'><em>nostrae</em></span> <span class='ocrx_word' id='word_1_43' title='bbox 817 1086 1035 1142; x_wconf 83' lang='lat' dir='ltr'><em>sanctissimae</em></span> <span class='ocrx_word' id='word_1_44' title='bbox 1041 1082 1205 1166; x_wconf 89' lang='lat' dir='ltr'><em>jacturam</em></span> 
     </span>
     <span class='ocr_line' id='line_1_7' title="bbox 159 1189 1243 1279; baseline 0.005 -28"><span class='ocrx_word' id='word_1_45' title='bbox 159 1190 337 1277; x_wconf 84' lang='lat' dir='ltr'><em>faciamus.</em></span> <span class='ocrx_word' id='word_1_46' title='bbox 355 1191 356 1196; x_wconf 68' lang='grc'>’</span> <span class='ocrx_word' id='word_1_47' title='bbox 375 1190 429 1254; x_wconf 91' lang='lat' dir='ltr'><em>Sic</em></span> <span class='ocrx_word' id='word_1_48' title='bbox 456 1204 487 1255; x_wconf 87' lang='lat' dir='ltr'><em>et</em></span> <span class='ocrx_word' id='word_1_49' title='bbox 509 1190 622 1254; x_wconf 89' lang='lat' dir='ltr'><em>bonam</em></span> <span class='ocrx_word' id='word_1_50' title='bbox 650 1197 778 1253; x_wconf 87' lang='lat' dir='ltr'><em>causam</em></span> <span class='ocrx_word' id='word_1_51' title='bbox 796 1189 970 1266; x_wconf 78' lang='lat' dir='ltr'><em>tuebimur,</em></span> <span class='ocrx_word' id='word_1_52' title='bbox 990 1203 1022 1254; x_wconf 89' lang='lat' dir='ltr'><em>et</em></span> <span class='ocrx_word' id='word_1_53' title='bbox 1041 1213 1122 1279; x_wconf 85' lang='lat' dir='ltr'><em>quae</em></span> <span class='ocrx_word' id='word_1_54' title='bbox 1142 1200 1206 1256; x_wconf 80' lang='lat' dir='ltr'><em>vic·</em></span> <span class='ocrx_word' id='word_1_55' title='bbox 1238 1261 1243 1268; x_wconf 60' lang='grc'><em>,</em></span> 
     </span>
     <span class='ocr_line' id='line_1_8' title="bbox 169 1302 1205 1392; baseline 0.003 -27"><span class='ocrx_word' id='word_1_56' title='bbox 169 1309 236 1365; x_wconf 80' lang='lat' dir='ltr'><em>tria·</em></span> <span class='ocrx_word' id='word_1_57' title='bbox 246 1302 366 1391; x_wconf 86' lang='lat' dir='ltr'><em>sutura</em></span> <span class='ocrx_word' id='word_1_58' title='bbox 383 1316 440 1368; x_wconf 88' lang='lat' dir='ltr'><em>est.</em></span> <span class='ocrx_word' id='word_1_59' title='bbox 480 1303 573 1380; x_wconf 85' lang='lat' dir='ltr'><em>Erit,</em></span> <span class='ocrx_word' id='word_1_60' title='bbox 594 1325 658 1366; x_wconf 87' lang='lat' dir='ltr'><em>non</em></span> <span class='ocrx_word' id='word_1_61' title='bbox 678 1325 761 1368; x_wconf 78' lang='lat' dir='ltr'><em>vana</em></span> <span class='ocrx_word' id='word_1_62' title='bbox 782 1325 939 1389; x_wconf 80' lang='lat' dir='ltr'><em>auguror,</em></span> <span class='ocrx_word' id='word_1_63' title='bbox 956 1310 1019 1366; x_wconf 84' lang='lat' dir='ltr'><em>erit</em></span> <span class='ocrx_word' id='word_1_64' title='bbox 1032 1304 1205 1392; x_wconf 82' lang='lat' dir='ltr'><em>aliquanda</em></span> 
     </span>
     <span class='ocr_line' id='line_1_9' title="bbox 134 1412 1205 1504; baseline 0.003 -28"><span class='ocrx_word' id='word_1_65' title='bbox 134 1501 140 1504; x_wconf 14' lang='grc' dir='ltr'>ἱ</span> <span class='ocrx_word' id='word_1_66' title='bbox 168 1421 203 1477; x_wconf 86' lang='lat' dir='ltr'><em>in</em></span> <span class='ocrx_word' id='word_1_67' title='bbox 218 1422 311 1479; x_wconf 76' lang='lat' dir='ltr'><em>terris</em></span> <span class='ocrx_word' id='word_1_68' title='bbox 328 1436 403 1478; x_wconf 79' lang='lat' dir='ltr'><em>vera</em></span> <span class='ocrx_word' id='word_1_69' title='bbox 418 1416 651 1493; x_wconf 86' lang='lat' dir='ltr'><em>Aristocratia,</em></span> <span class='ocrx_word' id='word_1_70' title='bbox 675 1437 739 1476; x_wconf 88' lang='lat' dir='ltr'><em>uon</em></span> <span class='ocrx_word' id='word_1_71' title='bbox 760 1412 890 1478; x_wconf 77' lang='lat' dir='ltr'><em>divitum</em></span> <span class='ocrx_word' id='word_1_72' title='bbox 910 1413 1088 1493; x_wconf 85' lang='lat' dir='ltr'><em>bominum,</em></span> <span class='ocrx_word' id='word_1_73' title='bbox 1106 1438 1205 1504; x_wconf 83' lang='lat' dir='ltr'><em>neque</em></span> 
     </span>
     <span class='ocr_line' id='line_1_10' title="bbox 169 1524 1205 1616; baseline 0.003 -28"><span class='ocrx_word' id='word_1_74' title='bbox 169 1525 338 1604; x_wconf 78' lang='lat' dir='ltr'><em>nobilium,</em></span> <span class='ocrx_word' id='word_1_75' title='bbox 354 1549 454 1615; x_wconf 86' lang='lat' dir='ltr'><em>neque</em></span> <span class='ocrx_word' id='word_1_76' title='bbox 465 1533 740 1613; x_wconf 79' lang='lat' dir='ltr'><em>praepotentium,</em></span> <span class='ocrx_word' id='word_1_77' title='bbox 759 1547 859 1613; x_wconf 84' lang='lat' dir='ltr'><em>aeque</em></span> <span class='ocrx_word' id='word_1_78' title='bbox 874 1524 1087 1608; x_wconf 85' lang='lat' dir='ltr'><em>eruditorum,</em></span> <span class='ocrx_word' id='word_1_79' title='bbox 1105 1549 1205 1616; x_wconf 84' lang='lat' dir='ltr'><em>neque</em></span> 
     </span>
     <span class='ocr_line' id='line_1_11' title="bbox 168 1636 1205 1728; baseline -0.002 -26"><span class='ocrx_word' id='word_1_80' title='bbox 168 1661 277 1702; x_wconf 86' lang='lat' dir='ltr'><em>corum</em></span> <span class='ocrx_word' id='word_1_81' title='bbox 306 1647 360 1727; x_wconf 84' lang='lat' dir='ltr'><em>qui</em></span> <span class='ocrx_word' id='word_1_82' title='bbox 378 1637 534 1728; x_wconf 82' lang='lat' dir='ltr'><em>formulis</em></span> <span class='ocrx_word' id='word_1_83' title='bbox 559 1645 675 1701; x_wconf 84' lang='lat' dir='ltr'><em>suiset</em></span> <span class='ocrx_word' id='word_1_84' title='bbox 698 1636 858 1701; x_wconf 83' lang='lat' dir='ltr'><em>bominum</em></span> <span class='ocrx_word' id='word_1_85' title='bbox 880 1636 1062 1724; x_wconf 56' lang='lat' dir='ltr'><em>mbffiamm</em></span> <span class='ocrx_word' id='word_1_86' title='bbox 1087 1651 1118 1700; x_wconf 86' lang='lat' dir='ltr'><em>et</em></span> <span class='ocrx_word' id='word_1_87' title='bbox 1142 1638 1205 1702; x_wconf 87' lang='lat' dir='ltr'><em>Dei</em></span> 
     </span>
     <span class='ocr_line' id='line_1_12' title="bbox 165 1749 1203 1838; baseline -0.002 -24"><span class='ocrx_word' id='word_1_88' title='bbox 165 1758 306 1838; x_wconf 80' lang='lat' dir='ltr'><em>gratiam</em></span> <span class='ocrx_word' id='word_1_89' title='bbox 333 1749 585 1814; x_wconf 79' lang='lat' dir='ltr'><em>circumscribere</em></span> <span class='ocrx_word' id='word_1_90' title='bbox 609 1773 644 1812; x_wconf 88' lang='lat' dir='ltr'><em>se</em></span> <span class='ocrx_word' id='word_1_91' title='bbox 660 1771 758 1836; x_wconf 90' lang='lat' dir='ltr'><em>posse</em></span> <span class='ocrx_word' id='word_1_92' title='bbox 773 1756 960 1834; x_wconf 82' lang='lat' dir='ltr'><em>opinantur,</em></span> <span class='ocrx_word' id='word_1_93' title='bbox 977 1772 1077 1837; x_wconf 86' lang='lat' dir='ltr'><em>neque</em></span> <span class='ocrx_word' id='word_1_94' title='bbox 1095 1773 1203 1813; x_wconf 85' lang='lat' dir='ltr'><em>eorum</em></span> 
     </span>
    </p>
   </div>
   <div class='ocr_carea' id='block_1_3' title="bbox 168 1852 1202 1951">
    <p class='ocr_par' dir='ltr' id='par_1_3' title="bbox 168 1852 1202 1951">
     <span class='ocr_line' id='line_1_13' title="bbox 168 1852 1202 1951; baseline -0.004 -25"><span class='ocrx_word' id='word_1_95' title='bbox 168 1871 224 1951; x_wconf 89' lang='lat' dir='ltr'><em>qui</em></span> <span class='ocrx_word' id='word_1_96' title='bbox 236 1876 301 1926; x_wconf 94' lang='lat' dir='ltr'><em>tam</em></span> <span class='ocrx_word' id='word_1_97' title='bbox 312 1873 407 1940; x_wconf 75' lang='lat' dir='ltr'><em>sunt,</em></span> <span class='ocrx_word' id='word_1_98' title='bbox 426 1869 584 1949; x_wconf 82' lang='lat' dir='ltr'><em>sapientes</em></span> <span class='ocrx_word' id='word_1_99' title='bbox 599 1861 703 1924; x_wconf 90' lang='lat' dir='ltr'><em>dicam</em></span> <span class='ocrx_word' id='word_1_100' title='bbox 716 1883 759 1922; x_wconf 87' lang='lat' dir='ltr'><em>au</em></span> <span class='ocrx_word' id='word_1_101' title='bbox 776 1859 870 1922; x_wconf 83' lang='lat' dir='ltr'><em>deliri</em></span> <span class='ocrx_word' id='word_1_102' title='bbox 876 1861 895 1921; x_wconf 70' lang='lat' dir='ltr'><em>i</em></span> <span class='ocrx_word' id='word_1_103' title='bbox 906 1852 941 1922; x_wconf 90' lang='lat' dir='ltr'><em>ut</em></span> <span class='ocrx_word' id='word_1_104' title='bbox 954 1859 1111 1923; x_wconf 86' lang='lat' dir='ltr'><em>bominem</em></span> <span class='ocrx_word' id='word_1_105' title='bbox 1124 1860 1202 1924; x_wconf 84' lang='lat' dir='ltr'><em>sibi-</em></span> 
     </span>
    </p>
   </div>
   <div class='ocr_carea' id='block_1_4' title="bbox 142 1975 1203 2738">
    <p class='ocr_par' dir='ltr' id='par_1_4' title="bbox 142 1975 1203 2738">
     <span class='ocr_line' id='line_1_14' title="bbox 168 1975 1203 2064; baseline -0.002 -22"><span class='ocrx_word' id='word_1_106' title='bbox 168 1990 232 2043; x_wconf 84' lang='lat' dir='ltr'><em>mci</em></span> <span class='ocrx_word' id='word_1_107' title='bbox 250 1978 352 2043; x_wconf 86' lang='lat' dir='ltr'><em>Deum</em></span> <span class='ocrx_word' id='word_1_108' title='bbox 372 2000 439 2042; x_wconf 83' lang='lat' dir='ltr'><em>esse</em></span> <span class='ocrx_word' id='word_1_109' title='bbox 451 1979 595 2064; x_wconf 86' lang='lat' dir='ltr'><em>jactent‚·</em></span> <span class='ocrx_word' id='word_1_110' title='bbox 612 1976 672 2039; x_wconf 81' lang='lat' dir='ltr'><em>secl</em></span> <span class='ocrx_word' id='word_1_111' title='bbox 685 1975 810 2039; x_wconf 89' lang='lat' dir='ltr'><em>illorum</em></span> <span class='ocrx_word' id='word_1_112' title='bbox 831 1983 908 2054; x_wconf 85' lang='lat' dir='ltr'><em>erit,</em></span> <span class='ocrx_word' id='word_1_113' title='bbox 930 1983 1002 2064; x_wconf 82' lang='lat' dir='ltr'><em>qui,</em></span> <span class='ocrx_word' id='word_1_114' title='bbox 1024 1983 1089 2039; x_wconf 80' lang='lat' dir='ltr'><em>sice</em></span> <span class='ocrx_word' id='word_1_115' title='bbox 1108 1976 1203 2040; x_wconf 83' lang='lat' dir='ltr'><em>libros</em></span> 
     </span>
     <span class='ocr_line' id='line_1_15' title="bbox 168 2087 1203 2176; baseline -0.001 -22"><span class='ocrx_word' id='word_1_116' title='bbox 168 2090 383 2168; x_wconf 85' lang='lat' dir='ltr'><em>conscribant,</em></span> <span class='ocrx_word' id='word_1_117' title='bbox 404 2098 470 2154; x_wconf 80' lang='lat' dir='ltr'><em>sice</em></span> <span class='ocrx_word' id='word_1_118' title='bbox 492 2089 629 2153; x_wconf 90' lang='lat' dir='ltr'><em>doctoris</em></span> <span class='ocrx_word' id='word_1_119' title='bbox 648 2108 775 2153; x_wconf 85' lang='lat' dir='ltr'><em>munere</em></span> <span class='ocrx_word' id='word_1_120' title='bbox 788 2087 990 2174; x_wconf 74' lang='lat' dir='ltr'><em>fungantur,</em></span> <span class='ocrx_word' id='word_1_121' title='bbox 1014 2096 1078 2153; x_wconf 81' lang='lat' dir='ltr'><em>siue</em></span> <span class='ocrx_word' id='word_1_122' title='bbox 1094 2088 1203 2176; x_wconf 81' lang='lat' dir='ltr'><em>pbilo-</em></span> 
     </span>
     <span class='ocr_line' id='line_1_16' title="bbox 167 2200 1203 2288; baseline 0 -24"><span class='ocrx_word' id='word_1_123' title='bbox 167 2201 356 2288; x_wconf 85' lang='lat' dir='ltr'><em>sopbentur‚</em></span> <span class='ocrx_word' id='word_1_124' title='bbox 377 2210 442 2266; x_wconf 80' lang='lat' dir='ltr'><em>uice</em></span> <span class='ocrx_word' id='word_1_125' title='bbox 463 2214 562 2266; x_wconf 82' lang='lat' dir='ltr'><em>artem</em></span> <span class='ocrx_word' id='word_1_126' title='bbox 582 2214 754 2264; x_wconf 74' lang='lat' dir='ltr'><em>exerceant</em></span> <span class='ocrx_word' id='word_1_127' title='bbox 766 2214 822 2263; x_wconf 87' lang='lat' dir='ltr'><em>aut</em></span> <span class='ocrx_word' id='word_1_128' title='bbox 835 2213 1060 2279; x_wconf 84' lang='lat' dir='ltr'><em>mercaturam,</em></span> <span class='ocrx_word' id='word_1_129' title='bbox 1084 2200 1203 2265; x_wconf 78' lang='lat' dir='ltr'><em>Christi</em></span> 
     </span>
     <span class='ocr_line' id='line_1_17' title="bbox 168 2311 1201 2401; baseline 0.002 -26"><span class='ocrx_word' id='word_1_130' title='bbox 168 2335 238 2377; x_wconf 83' lang='lat' dir='ltr'><em>esse</em></span> <span class='ocrx_word' id='word_1_131' title='bbox 255 2326 411 2377; x_wconf 65' lang='lat' dir='ltr'><em>conantia</em></span> <span class='ocrx_word' id='word_1_132' title='bbox 428 2325 522 2401; x_wconf 86' lang='lat' dir='ltr'><em>atque</em></span> <span class='ocrx_word' id='word_1_133' title='bbox 542 2314 624 2377; x_wconf 88' lang='lat' dir='ltr'><em>alios</em></span> <span class='ocrx_word' id='word_1_134' title='bbox 642 2311 769 2376; x_wconf 86' lang='lat' dir='ltr'><em>Cbristo</em></span> <span class='ocrx_word' id='word_1_135' title='bbox 787 2312 982 2401; x_wconf 81' lang='lat' dir='ltr'><em>lucrifacere.</em></span> <span class='ocrx_word' id='word_1_136' title='bbox 1007 2313 1128 2376; x_wconf 89' lang='lat' dir='ltr'><em>Horum</em></span> <span class='ocrx_word' id='word_1_137' title='bbox 1143 2337 1201 2377; x_wconf 87' lang='lat' dir='ltr'><em>nu-</em></span> 
     </span>
     <span class='ocr_line' id='line_1_18' title="bbox 142 2409 1203 2512; baseline -0.001 -24"><span class='ocrx_word' id='word_1_138' title='bbox 142 2409 143 2412; x_wconf 17' lang='lat'><em>*</em></span> <span class='ocrx_word' id='word_1_139' title='bbox 169 2445 255 2488; x_wconf 85' lang='lat' dir='ltr'><em>mero</em></span> <span class='ocrx_word' id='word_1_140' title='bbox 277 2436 311 2487; x_wconf 90' lang='lat' dir='ltr'><em>ut</em></span> <span class='ocrx_word' id='word_1_141' title='bbox 324 2437 358 2488; x_wconf 86' lang='lat' dir='ltr'><em>tu</em></span> <span class='ocrx_word' id='word_1_142' title='bbox 372 2436 403 2487; x_wconf 91' lang='lat' dir='ltr'><em>et</em></span> <span class='ocrx_word' id='word_1_143' title='bbox 422 2447 481 2512; x_wconf 80' lang='lat' dir='ltr'><em>ego</em></span> <span class='ocrx_word' id='word_1_144' title='bbox 496 2446 681 2486; x_wconf 87' lang='lat' dir='ltr'><em>censeamur</em></span> <span class='ocrx_word' id='word_1_145' title='bbox 688 2422 786 2512; x_wconf 80' lang='lat' dir='ltr'><em>facit</em></span> <span class='ocrx_word' id='word_1_146' title='bbox 800 2423 887 2486; x_wconf 86' lang='lat' dir='ltr'><em>Deus</em></span> <span class='ocrx_word' id='word_1_147' title='bbox 904 2421 980 2511; x_wconf 90' lang='lat' dir='ltr'><em>Opt.</em></span> <span class='ocrx_word' id='word_1_148' title='bbox 1000 2423 1119 2487; x_wconf 63' lang='lat' dir='ltr'><em>Manu!</em></span> <span class='ocrx_word' id='word_1_149' title='bbox 1149 2425 1203 2487; x_wconf 90' lang='lat' dir='ltr'><em>lta</em></span> 
     </span>
     <span class='ocr_line' id='line_1_19' title="bbox 169 2533 1198 2624; baseline -0.005 -23"><span class='ocrx_word' id='word_1_150' title='bbox 169 2537 274 2602; x_wconf 77' lang='lat' dir='ltr'><em>valere</em></span> <span class='ocrx_word' id='word_1_151' title='bbox 294 2551 323 2601; x_wconf 89' lang='lat' dir='ltr'><em>te</em></span> <span class='ocrx_word' id='word_1_152' title='bbox 330 2536 450 2624; x_wconf 87' lang='lat' dir='ltr'><em>jubeo,</em></span> <span class='ocrx_word' id='word_1_153' title='bbox 472 2550 503 2601; x_wconf 90' lang='lat' dir='ltr'><em>et</em></span> <span class='ocrx_word' id='word_1_154' title='bbox 524 2559 576 2600; x_wconf 87' lang='lat' dir='ltr'><em>res</em></span> <span class='ocrx_word' id='word_1_155' title='bbox 593 2549 682 2615; x_wconf 86' lang='lat' dir='ltr'><em>tuas,</em></span> <span class='ocrx_word' id='word_1_156' title='bbox 701 2548 735 2598; x_wconf 90' lang='lat' dir='ltr'><em>ut</em></span> <span class='ocrx_word' id='word_1_157' title='bbox 753 2533 856 2598; x_wconf 82' lang='lat' dir='ltr'><em>adbuc</em></span> <span class='ocrx_word' id='word_1_158' title='bbox 870 2533 1041 2622; x_wconf 86' lang='lat' dir='ltr'><em>praeclare</em></span> <span class='ocrx_word' id='word_1_159' title='bbox 1053 2543 1198 2622; x_wconf 80' lang='lat' dir='ltr'><em>gessisti,</em></span> 
     </span>
     <span class='ocr_line' id='line_1_20' title="bbox 165 2647 1172 2738; baseline -0.002 -26"><span class='ocrx_word' id='word_1_160' title='bbox 165 2671 264 2734; x_wconf 78' lang='lat' dir='ltr'><em>porro</em></span> <span class='ocrx_word' id='word_1_161' title='bbox 278 2648 355 2714; x_wconf 88' lang='lat' dir='ltr'><em>bene</em></span> <span class='ocrx_word' id='word_1_162' title='bbox 368 2672 492 2738; x_wconf 79' lang='lat' dir='ltr'><em>gerere.</em></span> <span class='ocrx_word' id='word_1_163' title='bbox 521 2647 620 2730; x_wconf 86' lang='lat' dir='ltr'><em>Vale,</em></span> <span class='ocrx_word' id='word_1_164' title='bbox 638 2671 747 2738; x_wconf 79' lang='lat' dir='ltr'><em>meque</em></span> <span class='ocrx_word' id='word_1_165' title='bbox 762 2670 836 2711; x_wconf 82' lang='lat' dir='ltr'><em>arua</em></span> <span class='ocrx_word' id='word_1_166' title='bbox 849 2653 896 2711; x_wconf 89' lang='lat' dir='ltr'><em>tui</em></span> <span class='ocrx_word' id='word_1_167' title='bbox 910 2655 1172 2712; x_wconf 88' lang='lat' dir='ltr'><em>amantissimum.</em></span> 
     </span>
    </p>
   </div>
   <div class='ocr_carea' id='block_1_5' title="bbox 165 2809 1076 2902">
    <p class='ocr_par' dir='ltr' id='par_1_5' title="bbox 165 2809 1076 2902">
     <span class='ocr_line' id='line_1_21' title="bbox 165 2809 1076 2902; baseline -0.005 -25"><span class='ocrx_word' id='word_1_168' title='bbox 165 2856 168 2860; x_wconf 91' lang='lat'>-</span> <span class='ocrx_word' id='word_1_169' title='bbox 213 2814 336 2902; x_wconf 81' lang='lat' dir='ltr'><em>Scripsi</em></span> <span class='ocrx_word' id='word_1_170' title='bbox 347 2813 525 2878; x_wconf 83' lang='lat' dir='ltr'><em>Amstelod.</em></span> <span class='ocrx_word' id='word_1_171' title='bbox 539 2812 644 2899; x_wconf 78' lang='lat' dir='ltr'><em>pridie</em></span> <span class='ocrx_word' id='word_1_172' title='bbox 661 2811 738 2874; x_wconf 84' lang='lat' dir='ltr'><em>Idus</em></span> <span class='ocrx_word' id='word_1_173' title='bbox 754 2809 862 2897; x_wconf 85' lang='lat' dir='ltr'><em>Majos</em></span> <span class='ocrx_word' id='word_1_174' title='bbox 874 2831 1076 2874; x_wconf 72' lang='lat' dir='ltr'><em>mameranus.</em></span> 
     </span>
    </p>
   </div>
   <div class='ocr_carea' id='block_1_6' title="bbox 0 0 1484 5284">
    <p class='ocr_par' dir='ltr' id='par_1_6' title="bbox 0 0 1484 5284">
     <span class='ocr_line' id='line_1_22' title="bbox 0 0 1484 5284; baseline 0 2"><span class='ocrx_word' id='word_1_175' title='bbox 0 0 1484 5284; x_wconf 95' lang='lat' dir='ltr'><em> </em></span> 
     </span>
    </p>
   </div>
  </div>
 </body>
</html>
