2959 5284
563 477 737 540 ..tp..

120 671 254 750 priores·
268 683 343 726 sues
367 662 505 726 miseros
522 661 616 724 reaiit
631 662 655 724 ¹.
698 661 764 726 itta
782 662 942 746 hyemem
963 662 1099 726 oedibus·
1112 664 1154 727 D.

128 775 387 855 Venusina-'soto
408 773 713 853 commessationis
729 773 817 838 illem
834 775 874 838 de
892 775 1074 842 Tolesontia
1089 781 1158 863 epi·

122 888 308 952 statement
322 909 371 956 me
391 896 528 974 scripsit.
576 887 697 950 Posteo
707 895 939 974 praecationes
964 887 1022 952 ttto'
1040 898 1156 976 impeto

124 998 359 1086 dtpsstvescente
375 1023 393 1064 e
408 999 535 1064 etatae
548 1005 616 1062 suis
632 999 733 1064 denuo
744 999 885 1086 patet,
896 1014 929 1064 et
946 1000 1157 1089 libereinpu·

123 1119 191 1174 trio
217 1115 326 1176 nostro
344 1120 448 1191 visit,
479 1125 510 1191 et
538 1133 620 1174 cum.
636 1099 796 1198 qttt'busois
821 1124 931 1199 aperte
955 1128 1157 1178 conterretur

121 1237 190 1304 cett
212 1237 254 1288 et»
274 1219 347 1288 licet
365 1221 609 1288 Roterodemum
631 1230 836 1301 concesserit,
869 1236 902 1286 et
923 1223 997 1286 inde
1019 1234 1052 1288 tn
1081 1227 1155 1288 Ast-

158 1433 167 1466 ¹
187 1440 221 1488 be
242 1438 327 1486 itinere
345 1437 388 1484 ilio
407 1436 512 1486 Clivensi
531 1439 602 1500 plura
628 1438 701 1486 etiam
717 1437 749 1486 ad
767 1437 916 1486 idasbamam
933 1441 1040 1488 retulit
1033 1455 1059 1488 ιιι
1078 1441 1156 1488 itteris

119 1532 218 1596 bapt.
241 1532 308 1578 1706
330 1532 408 1588 datis,
426 1531 536 1588 ineditis,
555 1546 619 1593 quae
637 1533 771 1581 Clericus
764 1548 789 1582 ιιι
807 1532 892 1594 Elegio
910 1549 954 1584 suo
969 1549 1018 1587 oon
1035 1549 1154 1586 memora-

117 1629 168 1683 vit,
187 1640 232 1686 ego
255 1627 293 1674 bic
312 1601 414 1673 addam:
445 1625 576 1675 »Licetlt
597 1627 700 1676 Lockius
718 1627 799 1676 omnIa
818 1629 939 1677 amicitiae
956 1637 982 1676 et
999 1631 1154 1714 benignitatis

118 1719 222 1770 officia'
217 1735 242 1768 tn
263 1721 292 1768 D
311 1721 382 1768 Verrii
402 1720 502 1768 aedibus
520 1723 687 1782 experiretur,
711 1729 793 1771 tamen
811 1723 919 1784 ingratae
938 1733 1009 1772 orant
1028 1726 1151 1784 latebrae,

118 1803 171 1864 ιιόιι
195 1815 242 1862 nisi
264 1815 359 1862 duobus
375 1822 419 1862 aut
436 1813 514 1862 tribus
535 1817 619 1864 amieis
635 1817 666 1864 ad
683 1817 752 1865 illum
769 1816 850 1865 aditus
866 1819 975 1878 patebat.
1013 1818 1155 1868 Solitudinis

117 1923 202 1971 ipsum
219 1908 319 1958 taedere
331 1909 427 1974 coepit,
445 1917 470 1958 et
482 1897 596 1958 liberiore
611 1911 658 1958 frui
679 1913 737 1960 aere
755 1912 919 1960 desiderabat.
950 1912 1029 1960 Homo
1040 1913 1154 1972 quidam,

117 2007 199 2056 Venio
217 2004 324 2064 pribique
337 2004 388 2066 jam
404 2005 462 2052 olim
480 2013 566 2062 notus,
586 2007 759 2056 commercium
775 2020 820 2068 per
833 2005 917 2054 literas
934 2007 1020 2054 babuit
1035 2020 1092 2055 cuna
1108 2009 1155 2056 Do-

118 2100 318 2167 minarliubner,
329 2107 438 2150 matrona
455 2100 676 2160 clivensi„celchsi
693 2101 836 2160 admodum,
851 2115 962 2164 quaeque
974 2102 1057 2150 multis
1071 2117 1098 2151 se
1110 2116 1162 2167 ue·¹

45 2173 49 2179 ·
119 2199 193 2259 gotiis
210 2197 314 2260 politicis
329 2197 476 2266 immiscuit,
497 2170 522 2244 et
539 2197 597 2244 duru
615 2171 780 2248 Cancellarius
794 2198 943 2250 DankeImau
955 2198 1052 2254 floruit,
1066 2213 1153 2260 magna

119 2295 147 2340 in
169 2279 346 2339 existimatione
364 2290 418 2337 suit.
456 2291 515 2348 Ille,
536 2291 613 2338 literis
631 2286 805 2352 aliquot'ultro
824 2287 934 2351 citroque
954 2307 1010 2340 cum
1027 2293 1069 2340 illa
1088 2307 1153 2341 com·

119 2385 235 2440 mutatis,
253 2385 281 2430 D.
301 2373 378 2432 Venio
395 2383 531 2444 persuasit,
551 2391 631 2431 tutum
647 2397 676 2433 ac
694 2397 807 2432 securum
824 2385 855 2430 ι).
868 2383 960 2432 Lockio
971 2384 1077 2442 cliviae,
1091 2387 1112 2434 si
1124 2398 1154 2433 eo

119 2469 306 2538 eommi'iraret,
326 2475 378 2524 iore
394 2472 553 2524 domicitium.
584 2475 690 2524 Dissuasi
702 2489 763 2536 ego,
778 2483 806 2525 et
821 2489 918 2525 mecum
929 2479 960 2525 b.
972 2478 1152 2536 Gueuetlonus,

119 2573 190 2624 venii
208 2584 298 2634 gener,
318 2569 510 2634 proiectiouemt
526 2572 583 2632 quia
596 2579 679 2623 notum
695 2571 756 2622 mibi
768 2580 823 2623 esst
833 2574 938 2624 bominis
950 2574 1017 2623 illius
1027 2575 1155 2636 ingenium

119 2675 147 2716 et
162 2666 309 2717 Thrasonica
326 2665 458 2728 jactantia,
478 2665 548 2730 cuim
566 2665 693 2728 magmfica
710 2675 783 2716 erant
799 2669 936 2730 promissa,
956 2670 1000 2718 sed
1019 2683 1083 2732 quae
1101 2671 1153 2732 ple-

117 2775 224 2823 rumque
242 2761 357 2838 destituta
374 2760 513 2808 videramus
531 2773 655 2852 successu.
680 2761 726 2809 Ille
746 2769 829 2813 tamen
848 2765 949 2830 prolixe
957 2765 1051 2825 jactans
1067 2765 1153 2815 literas

117 2857 235 2934 Domittae
254 2857 368 2912 flubner,
384 2857 412 2902 ι).
432 2855 524 2911 Venio,
543 2864 569 2902 et
584 2871 628 2916 per
646 2856 794 2904 VeniumD.
811 2850 913 2904 Lockio
913 2857 1047 2917 persuasit,
1062 2859 1153 2904 relictis

117 2927 232 3022 omuibus
250 2949 301 2996 suis
318 2947 402 2994 amicis
420 2949 445 3024 iu
461 2929 584 3008 regionem
603 2949 650 2996 sibi
667 2950 772 3010 ignotam
790 2951 871 3007 abire,
883 2957 912 2996 ut
919 2956 1015 3010 sperata
1029 2948 1152 2998 frueretur

117 3043 242 3094 libertate.
274 3045 324 3105 Ego
339 3016 442 3090 cumi).
460 3043 490 3096 b.
503 3041 1156 3106 ventoetGuenettonotpmmdeduxtinsespnsmf

119 3151 184 3203 quaa
203 3141 260 3191 bino
276 3129 417 3202 Trnjec'tum
436 3135 529 3196 saleio,
549 3139 638 3200 uscue
657 3152 671 3190 a
689 3133 901 3201 complaudite
918 3139 1001 3188 divam
1017 3139 1153 3200 possimus.

117 3237 179 3300 badi
199 3237 230 3298 Dc
251 3235 341 3293 Locldo
352 3235 454 3300 diteras,
470 3234 501 3282 ad
521 3235 612 3304 amicos
633 3245 701 3302 nseos
719 3235 941 3304 Trajeetepsesac
953 3235 1150 3296 detruncasse,

117 3347 223 3398 quorum
236 3331 418 3395 promptissimis
432 3329 514 3378 officiis
528 3338 580 3378 tuto
594 3329 694 3378 Cliviam
709 3330 829 3390 pervenit.
861 3327 909 3375 Sed
918 3328 1082 3389 paucasintra
1092 3329 1151 3376 heb·

117 3425 235 3476 domadas
256 3425 301 3474 sibi
323 3425 354 3474 ab
377 3424 474 3476 homine
494 3437 557 3472 vano
571 3437 604 3486 ac
621 3409 770 3484 jactabundo
787 3424 862 3472 verba
880 3421 936 3470 data
953 3436 1006 3470 esse
1024 3424 1149 3483 cognovit,

57 3565 61 3572 .
117 3513 196 3584 quare
214 3533 269 3569 mox
287 3517 346 3566 'inde
365 3517 571 3566 amstelodamum
595 3531 722 3574 reversus,
742 3517 837 3579 priores
857 3531 913 3566 suas
929 3519 1037 3566 latebras
1051 3521 1150 3580 repetiit

117 3625 144 3667 et
153 3630 183 3664 ue
194 3607 458 3676 detegereturuomine
475 3611 581 3661 doctorb
599 3625 645 3663 van
660 3611 705 3660 des
721 3589 816 3661 binden
828 3613 946 3674 appellari
959 3612 1065 3659 voluit.''
1091 3612 1151 3660 Tres

116 3709 194 3760 Gtivia
211 3710 242 3757 ad
260 3709 440 3758 bimborsbium
452 3707 569 3768 epistolas
586 3701 651 3774 misit
666 3705 795 3762 baetim„
806 3719 871 3766 ques
889 3706 915 3755 in
930 3705 971 3754 ed.
985 3704 1068 3760 bosa.
1081 3706 1151 3758 laud.

115 3809 233 3868 leguntur
250 3819 277 3866 ps
296 3803 447 3864 bito-596.
481 3803 589 3848 Duarum
608 3797 715 3860 priorum
736 3800 884 3866 autppapba
903 3799 1039 3864 subscripta
1058 3801 1151 3851 babent

116 3914 161 3964 pro
180 3898 264 3946 Loclaii
279 3896 376 3944 nomine
392 3897 479 3954 Lamp,
496 3891 569 3939 tertia
585 3892 649 3938 solas
662 3891 747 3938 literas
763 3891 787 3938 J.
808 3891 838 3939 b.
852 3919 884 3927 —
897 3892 934 3940 Ad
950 3895 1044 3942 calcem
1057 3896 1149 3956 primae
1201 3869 1205 3874 ⁵

117 3995 236 4057 epistolae
252 3991 335 4040 addita
355 3996 411 4038 sunt
429 3989 490 4035 baec
508 3985 598 4041 verba,
618 3999 681 4050 quae
699 3986 733 4032 iu'
743 3986 815 4034 editis
827 4000 875 4034 nou
887 3996 1042 4051 comparent:
1077 3989 1150 4050 »Epi-

117 4089 204 4137 ststam
224 4095 292 4136 tuam
308 4084 425 4133 inscribas
441 4085 479 4144 τῷ
497 4081 572 4143 Lamy
591 4089 616 4130 st
634 4081 722 4132 deiude
739 4081 789 4130 alia
806 4083 891 4133 charta
908 4084 1042 4139 involutam
1060 4085 1095 4135 sic
1113 4086 1149 4132 tn-

118 4181 223 4230 seribas:
241 4181 257 4228 a
272 4178 399 4228 Monsieur
411 4177 534 4228 Μοιιιιιιιι
550 4175 633 4238 noyer
650 4175 789 4227 sectatrice
801 4177 833 4229 de
845 4177 897 4231 Son,
905 4179 1000 4231 Abesse
1012 4180 1153 4235 Eiectorats-

118 4276 149 4322 de
167 4273 340 4334 brandanburg
357 4273 371 4323 a
386 4272 488 4321 Gieve.”
858 4286 862 4295 ·
1055 4289 1060 4297 ·
1100 4293 1104 4298 ·

974 4364 995 4426 Δ
1054 4314 1058 4330 ,
