2959 5284
532 469 709 534 ...43-

107 649 150 716 ab
163 650 307 716 Frnoetio
323 647 493 718 Salomone
512 648 685 740 Cypriam,
702 653 760 740 qui
773 668 851 717 tunc
863 652 996 742 quidem
1013 651 1046 716 in
1057 646 1142 718 Aon-

107 763 211 828 demia
220 764 239 826 J
240 762 346 828 cnensi
353 759 546 852 Theologiae
561 785 691 851 operam
701 762 799 828 debat
806 812 817 844 ,
828 761 985 830 illustrm
995 763 1143 852 deinceps

107 875 141 938 in
159 871 300 942 Ecclesia
318 871 427 940 locum
440 875 582 940 nactust
606 875 655 940 De
673 875 769 942 rebus
782 877 1075 944 Remonstrantinm
1088 901 1143 944 ao·

105 987 248 1052 curatius
265 985 421 1076 quaedam
441 1011 626 1078 cognoscere
639 989 800 1078 cupiebat.
825 991 1044 1058 Fodemsnno
1055 993 1143 1056 simi-

105 1096 149 1164 lia
171 1122 210 1164 ex
229 1098 433 1168 Limborchio
453 1103 622 1166 sciscitatus
639 1117 685 1167 est
710 1103 867 1170 Henrieus
887 1103 1045 1171 Lndollirs
1058 1102 1144 1172 Ren-

106 1215 211 1300 them,
227 1217 283 1306 qui
296 1215 465 1282 biennium
484 1232 556 1304 post
571 1214 695 1281 librum
716 1217 757 1283 de
768 1218 982 1284 Ecclesiarnm
997 1237 1030 1285 et
1042 1219 1144 1302 Sebo-

105 1325 216 1396 larum
246 1331 281 1394 in
313 1327 485 1394 Hollmdia
513 1344 598 1394 statu
629 1330 663 1394 in
685 1326 792 1395 lucem
821 1333 935 1397 emisit.
981 1332 1021 1396 In
1047 1330 1145 1396 literis

73 1433 75 1443 ι
105 1442 274 1510 Bardovici
294 1465 394 1530 prope
418 1440 652 1532 Luneburgnm
672 1442 753 1508 datis
772 1461 929 1509 memorat
951 1467 985 1508 se
1001 1460 1076 1509 ante
1094 1466 1146 1509 se·

105 1571 224 1622 mestre
240 1555 484 1622 limborchium
505 1579 613 1620 coram
634 1579 698 1622 esse
716 1554 907 1640 allocutum,
930 1559 1021 1646 cujus
1038 1557 1145 1648 digni·

107 1683 208 1734 tatem
221 1670 300 1734 tanti
318 1669 487 1736 aestimarit
509 1666 623 1734 utillo
644 1671 803 1736 invisitato
820 1671 952 1742 dueum
971 1672 1056 1737 istud
1070 1669 1146 1738 Bel-

51 1844 57 1853 ,
106 1781 201 1870 gium
222 1779 319 1870 plane
347 1805 415 1846 non
438 1783 551 1848 ridiaee
571 1783 632 1848 sibi
653 1785 863 1871 persuasisset.
909 1784 1078 1850 Tredecim
1105 1784 1146 1850 de

106 1893 403 1960 Remonstrantinm
421 1894 569 1979 bistofim
584 1893 724 1983 placitis,
740 1897 924 1979 wemoniis
936 1911 1015 1961 met.
1033 1919 1147 1985 quiaes-

106 2009 210 2074 tiones
221 2007 427 2074 Limborchio
437 2011 614 2100 proposuit,
631 2009 672 2074 ad
690 2033 771 2098 quas
788 2006 845 2074 ille
857 2010 988 2073 comiter
997 2025 1028 2073 et
1037 2005 1145 2096 plene,

109 2136 149 2186 ut
170 2118 307 2203 solebat,
332 2122 504 2210 respondit.
531 2123 673 2188 Omnino
691 2120 788 2187 multi
799 2145 839 2186 ex
852 2121 1025 2188 Germania
1037 2121 1149 2187 Theo-

110 2230 197 2322 logi,
213 2236 342 2322 juvenes
364 2237 565 2322 praesertim,
580 2236 696 2300 virum‘
708 2237 791 2300 inter
811 2236 1067 2301 Rcmonstrantes
1074 2235 1149 2300 doe-

111 2346 200 2412 trina
218 2361 250 2410 et
270 2347 423 2436 gravitate
435 2347 612 2432 principem
630 2345 812 2410 visitabant.
836 2347 889 2410 Ex
907 2345 1149 2412 Franco-Gallis

111 2460 275 2546 pauciores
295 2462 362 2547 ejus
381 2455 551 2524 amemur
566 2455 729 2538 colebant3
753 2459 789 2523 in
806 2457 857 2522 bis
869 2459 1011 2522 eminent
1031 2459 1070 2522 P.
1087 2455 1150 2523 Al-

112 2569 208 2638 lixius
227 2587 260 2636 et
277 2571 458 2638 Ludovieus
477 2568 508 2634 le
523 2567 635 2653 Elone,
649 2568 805 2658 professor
824 2568 1020 2650 Sedanensis,
1034 2554 1146 2659 steph.

113 2677 292 2750 Curoeilsei
311 2685 573 2775 consanguineus.

159 2798 454 2864 Remonstrantium
471 2796 649 2860 societatem
675 2810 708 2858 et
724 2796 940 2882 patrocinium
957 2794 1023 2860 fere
1042 2819 1153 2862 omnes

113 2907 300 2976 ambientem
328 2887 505 2986 Sociniani,
539 2921 701 2995 quotquot
726 2923 783 2971 aut
808 2907 876 2994 ipsi
890 2908 925 2971 in
945 2905 1152 2976 Hellandiam

114 3035 337 3112 penetrarunt,
352 3036 409 3086 aut
428 3043 505 3084 cum
524 3017 675 3084 fintribus
691 3018 725 3082 in
744 3016 916 3084 Hollandia
935 3017 1154 3086 anelantibus

115 3136 344 3204 commercium
358 3132 554 3198 babuerunt.
602 3129 656 3196 llli
679 3132 871 3198 miscendos
895 3133 1032 3199 advenas
1053 3137 1155 3201 amice

116 3267 149 3317 et
168 3247 326 3317 benevole
340 3263 539 3336 receperunt.
564 3245 649 3310 Cum
666 3267 743 3309 vero
766 3267 803 3309 eo
826 3260 969 3332 tempore
982 3262 1049 3310 tem
1068 3248 1153 3312 exosi

116 3380 218 3430 essent
244 3358 424 3443 somniem,
457 3375 495 3425 ut
517 3356 695 3446 veliiqui
721 3357 923 3446 metmuqnin
946 3381 966 3422 a
988 3355 1155 3424 tolerem

116 3500 185 3544 non
204 3497 332 3564 prorsus
353 3471 448 3538 alieni
462 3485 552 3536 crant
561 3517 572 3550 ‚
586 3469 645 3534 hos
665 3485 773 3534 umen
789 3467 991 3538 nullomotio
1009 3470 1156 3539 ferendos

117 3593 353 3669 existimarent,
377 3585 565 3655 incredibile
589 3587 694 3652 visum
718 3601 765 3650 est
780 3586 1036 3650 Remonstrantee
1058 3584 1154 3650 simul

117 3703 291 3772 Sooinianis
310 3700 415 3766 savem
434 3715 466 3764 et
481 3698 586 3765 Socini
602 3699 780 3764 doctrinam
792 3699 951 3785 asperum
965 3719 1065 3785 posse.
1089 3699 1156 3764 Ite·

118 3841 185 3910 qne
197 3839 256 3905 pro
270 3814 443 3883 Sooinianis
455 3815 513 3902 ipsi
527 3835 658 3902 quoque
672 3827 748 3876 sum
759 3809 880 3892 babiti,
895 3811 1054 3884 inmerito
1066 3833 1153 3893 sane3

156 3995 165 4029 ¹
186 3996 247 4045 Vide
259 3995 400 4050 Schrockh,
414 3992 605 4051 Kircheugesch.
618 3990 664 4040 seit
674 3991 719 4039 der
730 3989 839 4041 Reform.
851 3989 949 4038 vulter
959 3989 1026 4072 Theil
1033 4023 1041 4048 ‚
1053 3988 1079 4037 S.
1090 3990 1153 4038 23¹1.
1202 4060 1204 4065 Ι

121 4093 268 4156 Epistolam,
289 4103 352 4152 quae
372 4101 416 4150 per
434 4087 495 4150 sigla
513 4083 565 4136 sere
584 4086 719 4148 conscripta
738 4092 791 4142 est,
811 4084 880 4146 quasi
898 4085 924 4132 in
940 4085 1030 4134 scholis
1039 4099 1095 4133 eam
1105 4085 1156 4134 dic·

121 4195 198 4238 tasset
215 4186 352 4250 professor,
372 4183 435 4247 typis
452 4183 591 4233 mandatum
609 4181 665 4232 vide
684 4183 709 4230 in
727 4179 839 4243 Append.
859 4181 888 4229 Ι).
909 4181 936 4230 3.
963 4179 1081 4244 Responsi
1092 4181 1158 4230 ttmz

123 4282 218 4332 boemii
228 4279 389 4344 bassmsotom
404 4279 650 4341 adieciutietprecs
668 4275 790 4339 anedm
806 4289 838 4327 er
855 4274 1155 4338 numerere-nitrosis.
