2959 5284
562 483 741 546 ...23-

124 693 189 757 pro
215 669 455 734 Ilemottsironle
481 667 595 731 Imbere
620 691 683 732 non
695 675 828 755 proprie
849 689 937 742 enm,
960 673 1015 753 qui
1032 665 1166 728 eaodem

131 782 290 846 enimcum
319 789 353 844 itt
384 788 520 869 quinque
544 778 636 868 (qnos
663 778 788 866 vocant)
813 779 957 842 articulis
978 785 1167 840 sermotiem

124 875 317 982 profitetur3
339 891 398 956 secl
412 900 466 982 qui
486 899 641 956 neminem
660 915 681 954 a
710 915 748 956 se
761 892 994 955 dissentientem
1011 889 1168 977 (intelligo

130 1007 191 1071 hoe
216 1007 256 1070 de
278 1006 476 1094 dogmatibus
498 1003 695 1068 adsalutem
717 1027 782 1067 nort
795 1011 943 1091 praecise
966 1000 1166 1088 necessariis)

130 1119 334 1196 condemnat,
368 1119 442 1182 iicet
466 1141 529 1205 per
555 1125 663 1180 omnio
692 1137 811 1180 mecum
842 1139 906 1179 non
937 1123 1075 1190 sentiat,
1105 1121 1168 1176 imo

132 1231 203 1296 licet
232 1241 267 1294 itt
295 1231 400 1294 multis
428 1253 496 1293 meo
517 1229 641 1316 judicio
661 1251 771 1291 errore
789 1227 936 1290 eredorn”
952 1226 978 1290 ¹.
1024 1226 1078 1290 En
1099 1226 1167 1289 veri

131 1345 268 1409 nominis
286 1337 575 1407 Remonstrantemi
625 1340 699 1404 Non
720 1339 841 1402 mirum
862 1338 1031 1418 osthane,
1049 1339 1107 1425 qui
1126 1338 1170 1401 sie

131 1457 279 1534 sentiret,
319 1455 441 1544 quique
478 1469 544 1517 tam
573 1451 674 1539 probe
705 1449 780 1516 sihi*
797 1452 938 1516 conscius
966 1466 1044 1515 esset
1074 1446 1171 1538 quale

131 1590 252 1633 munus
269 1583 300 1631 et
316 1589 439 1654 semper
457 1563 622 1656 Evangelii
637 1564 781 1630 ministro
800 1565 954 1628 divinitus
980 1561 1168 1644 incumbat,

132 1697 163 1745 et
176 1697 255 1746 tunc
270 1677 422 1768 peculiari
447 1677 587 1767 quadam
614 1678 735 1742 ratione
768 1675 1067 1742 Remonstrantibus
1094 1689 1171 1738 esset

132 1792 380 1870 demandatum,
410 1791 517 1868 hunc,
547 1791 697 1878 inquam,
722 1789 780 1877 qui
809 1805 875 1852 tam
908 1787 991 1854 bene
1011 1785 1171 1878 intellige-

132 1921 182 1970 ret
211 1901 304 1994 quali·
330 1904 470 1968 remedio
499 1899 638 1968 Ecclesia
666 1925 747 1988 opus
776 1897 927 1979 haberet,
959 1897 1031 1963 illos
1059 1901 1169 1989 magni

133 2017 238 2082 secisse
258 2020 341 2081 viros
360 2017 417 2106 qui
438 2015 577 2104 ejusdem
604 2031 678 2079 ante
711 2006 820 2101 ipsum
846 2013 1017 2078 sententiae
1043 2013 1170 2099 patroni

133 2129 275 2195 fuerunt.
323 2131 361 2193 In
380 2129 549 2218 Episcopio
570 2127 798 2214 reprehensum
815 2125 877 2192 fuit
895 2127 984 2216 quod
1005 2128 1171 2216 antiquam

134 2239 291 2308 Ecclesiae
312 2241 475 2306 historiam
502 2241 699 2330 Patrumque
719 2243 834 2328 scripta
861 2237 1053 2330 negligerem
1086 2240 1172 2304 idem

135 2353 341 2418 limbos-chio
372 2375 502 2442 qnoque
532 2351 666 2417 fortassis
693 2355 772 2417 vitio
799 2353 868 2416 dari
902 2369 1022 2439 possen
1056 2375 1173 2441 quam-

135 2489 232 2555 quam
253 2467 418 2554 speciosior
434 2489 533 2556 quam
552 2467 656 2530 verior
677 2465 756 2529 haec
773 2462 903 2554 querela
919 2464 1057 2530 videtur.
1109 2463 1172 2528 At-

136 2597 241 2645 tamen
260 2581 432 2670 quominus
458 2579 491 2643 in
519 2578 581 2644 hoc
600 2581 796 2669 antiquitatis
815 2577 1047 2644 Ecclesiasticus
1066 2578 1172 2643 studio

134 2707 221 2760 tanta
249 2692 428 2758 assiduitate
451 2709 671 2775 versarentur,
693 2709 812 2782 quanta
830 2690 975 2758 solebant
992 2690 1080 2758 illius
1099 2693 1168 2756 aeri

48 2855 54 2862 .
134 2802 308 2896 Theologi‚
331 2803 453 2869 multae
473 2803 664 2870 obstitertmt
683 2828 809 2886 causae3
833 2829 973 2894 quarum
994 2802 1172 2868 nonnullae

132 2917 292 2992 ambobus
302 2937 487 2982 communes
494 2915 638 2996 fuerunt,
653 2916 737 2980 hanc
746 2918 948 3007 praedpuam
960 2913 1172 3002 peculiarem-

134 3128 361 3140 ...ηιμ-..-

171 3269 180 3301 ¹
199 3272 260 3331 Lag.
279 3283 342 3330 quae
360 3269 459 3329 collegit
471 3278 542 3332 pater
554 3281 639 3325 mens,
660 3267 690 3317 V.
703 3267 757 3324 ct,
777 3267 865 3315 similia
881 3267 985 3315 aliorum
996 3267 1170 3315 semenstrem

133 3366 193 3416 tium
213 3363 302 3420 effata,
323 3364 348 3412 ln
367 3363 469 3412 Memor.
490 3363 556 3412 Sem.
575 3363 647 3415 Rem.
666 3377 693 3424 p.
711 3363 862 3410 stt-tto.
882 3362 1000 3426 Exemplo
1008 3375 1059 3422 quc
1069 3361 1169 3414 illorum

133 3459 298 3508 sinceritatem
324 3458 411 3518 probat
434 3455 503 3518 (ibid.
527 3473 554 3520 p.
578 3458 630 3508 260
649 3459 699 3524 sq.)
718 3459 823 3511 alterum
841 3458 1086 3525 addam.‚Cle1icus,
1102 3467 1169 3524 post·

132 3568 206 3615 quam
232 3553 333 3601 Arminii
358 3553 447 3615 placita
473 3553 600 3616 amplexus
626 3562 693 3612 erat,
710 3535 863 3624 'veritatem
890 3568 964 3618 quam
983 3554 1029 3602 sibi
1047 3555 1168 3603 invenisse

133 3641 270 3704 videbatur,
289 3645 377 3697 libellis
390 3649 582 3710 tractatibusque
596 3647 670 3696 Gallis
684 3651 801 3710 explicari
813 3648 1026 3711 commendarique
1037 3650 1166 3709 cupiebat,

133 3757 212 3804 eaque
238 3743 267 3790 de
290 3755 318 3790 re
343 3743 375 3790 ad
398 3743 577 3790 lebotchium
603 3743 733 3803 scripserat
753 3741 812 3803 (vid,
831 3742 903 3804 Spee.
923 3755 1005 3789 meum
1024 3742 1055 3790 de
1073 3742 1168 3791 Clerico

133 3854 159 3902 p.
180 3839 235 3901 53).
271 3837 345 3899 Cujus
361 3836 495 3900 juvenilem
513 3837 624 3885 ardorem
643 3837 682 3884 bic
705 3837 840 3898 prudenter
856 3839 1010 3898 temperavit.
1048 3837 1077 3886 lu
1090 3837 1168 3886 literis

134 3934 223 3985 boet.
244 3932 311 3982 1681
331 3929 510 3982 amstelodamo
526 3931 604 3981 datis:
625 3945 690 3982 »non
707 3941 784 3996 puto,
805 3933 896 3992 inquit,
915 3933 1018 3982 multum
1037 3932 1067 3980 de
1084 3932 1166 3980 iliona

132 4027 353 4090 praedestinatione
372 4026 475 4090 aliisque
495 4027 656 4079 controversis
673 4028 840 4088 dogmatibus,
859 4026 891 4076 de
909 4022 997 4090 quibus
1012 4028 1064 4090 jam
1082 4027 1113 4076 ad
1126 4039 1166 4076 rt·

132 4123 180 4170 vim
200 4121 348 4186 disputatum
367 4128 420 4180 est,
440 4135 493 4169 esse
512 4121 722 4180 contendendum
741 4123 784 4170 sed
794 4121 945 4171 Christianae
957 4122 1102 4172 tolerantiae
1111 4122 1165 4171 lun·

134 4219 246 4266 lamenta
271 4218 398 4280 perspicue
424 4231 477 4265 esse
502 4219 609 4268 eruenda
634 4227 659 4268 et
683 4218 759 4267 solide
782 4218 978 4267 demonstranda.
1015 4219 1052 4267 lta
1075 4218 1165 4278 aliquid

134 4327 223 4373 operae
242 4312 345 4374 prelium
364 4313 521 4361 fecerimus.''
625 4307 628 4313 '
