2959 5284
721 418 899 480 ...24-

295 622 358 692 que
379 601 524 668 habuisse
544 599 789 666 Limlnreltium
801 599 1001 681 crediderim,
1013 600 1103 687 quod
1118 599 1327 682 Arminium,

294 714 466 795 Grotium,
496 714 719 800 Episcopium,
750 709 990 793 corcellam,
1026 710 1184 800 reliquos,
1215 713 1328 780 eodem

294 825 393 892 ferme
420 824 490 892 loco
521 825 670 892 habuerit
690 847 756 913 quo
777 824 904 888 caeteris
923 823 1031 889 Patres
1051 822 1207 890 Ecclesiae
1225 823 1328 889 habe-

294 938 432 1017 bantur,
458 940 501 1002 ita
527 955 644 1004 tamen
662 953 700 1002 ut
729 933 855 1001 nullam
886 934 982 1000 talem
1011 937 1047 1002 iis
1073 937 1194 1002 dederit
1215 946 1334 1002 aucto-'

293 1052 438 1129 ritatem,
464 1046 594 1138 qualem
616 1048 672 1116 uni
702 1047 829 1116 Christo
851 1047 1045 1115 Christianos
1064 1049 1213 1117 tribuere
1230 1073 1329 1137 opor·

294 1177 350 1228 tet.
399 1163 488 1245 Iino,
504 1164 549 1226 -in
574 1160 673 1228 rebus
695 1161 773 1229 adeo
798 1163 985 1252 gravinimis
1011 1161 1054 1228 ab
1081 1161 1157 1228 illis.
1171 1163 1329 1230 discedere

293 1298 360 1340 non
386 1273 555 1342 dubitavit.
603 1275 705 1364 Igitur
731 1274 794 1340 hoc
820 1275 976 1341 duntaxat
992 1273 1066 1340 uolo
1084 1275 1329 1345 Limnorehium

295 1385 427 1452 illorum
453 1385 637 1473 exemplum
671 1403 815 1454 secutum
840 1411 925 1470 este,
958 1389 1082 1476 incepta
1110 1391 1326 1476 promovisse,

294 1499 465 1570 adhaesisse
491 1496 637 1565 consiliis.
685 1498 985 1587 indignosquibus.
999 1498 1042 1567 ah
1064 1499 1245 1566 adversariis
1266 1501 1329 1566 lia.-

294 1611 369 1676 biti.
389 1609 516 1684 fuerant
551 1609 662 1680 modos
698 1611 833 1700 ind'gne
857 1610 993 1693 ferebat-3
1024 1625 1134 1702 es'tqne
1167 1637 1216 1678 eo
1229 1616 1330 1703 magis

295 1723 455 1788 laudanda
488 1726 554 1811 ejus
581 1745 654 1812 erga
683 1723 895 1793 dissentientes
923 1722 1055 1804 lenitas,
1087 1749 1159 1814 quo
1178 1728 1329 1815 injuriam

294 1835 414 1908 dilectis
450 1835 512 1905 illis
543 1839 715 1927 magnique
750 1837 916 1905 aestimatis
939 1837 1036 1906 *viris
1058 1835 1180 1906 illatam
1205 1841 1329 1929 aegrius

295 1949 381 2019 tulit.
441 1951 484 2016 In.
508 1951 637 2037 privatis
663 1951 705 2020 ad
726 1947 894 2018 familiares
914 1947 1058 2036 epistolis
1074 1948 1205 2018 liberius
1229 1953 1329 2018 inter-

298 2065 379 2134 dum
407 2063 614 2149 pronuntiat,
646 2085 714 2129 non
747 2079 813 2126 tam
832 2062 883 2126 de
918 2064 1136 2132 controversiis
1163 2086 1262 2153 quam
1288 2065 1329 2128 de

295 2177 547 2264 adversariorum
572 2174 650 2244 odiis
675 2190 706 2238 et
732 2173 1130 2263 tyrannide;,atp11blice
1144 2178 1194 2240 in.
1207 2177 1267 2242 seri
1290 2179 1329 2242 tis

167 2277 194 2334 ⁸·
297 2290 387 2356 editis
415 2290 559 2358 rixarum
577 2303 718 2357 auctores
737 2288 945 2377 perstringere
964 2289 1082 2374 parcit,
1110 2313 1154 2356 ne
1171 2313 1235 2356 net

294 2405 359 2490 ipse
386 2403 543 2474 exsisteret
556 2417 677 2469 auctor,
697 2436 736 2454 -
756 2401 891 2487 Propter
904 2401 1006 2469 varias
1018 2412 1124 2466 causas
1136 2401 1271 2488 'scriptor

295 2536 378 2604 quae
408 2515 525 2586 inedita
554 2512 750 2602 reliquerant
774 2513 1068 2584 Remonstrnntium
1089 2511 1139 2579 illi
1163 2537 1245 2602 quoe
1287 2516 1293 2528 '
1320 2517 1326 2528 '

296 2626 610 2716 antesignanieditor
633 2627 722 2714 quasi
744 2625 922 2714 designatus
931 2624 1240 2698 frtitLiroborclrius.
1264 2629 1330 2693 Ita-

295 2763 359 2830 que
382 2764 458 2807 cum
483 2739 609 2805 chartae
628 2739 805 2826 Episcopii,
832 2737 1043 2826 proavunculi
1067 2741 1135 2820 sui5
1158 2741 1329 2814 hereditate

294 2855 336 2926 ad
357 2866 664 2940 campanensem,
680 2835 822 2938 primum
836 2854 1005 2923 conciones
1018 2854 1058 2920 iu
1065 2870 1165 2941 caput.
1178 2856 1333 2943 quintum

294 2964 460 3057 Evangelii
479 2965 633 3029 Matthaei
648 2989 686 3028 ex
700 2960 762 3028 illis
781 2965 816 3026 in
829 2962 934 3029 lucem
954 2967 1109 3051 protraxit
1124 2990 1208 3030 anno
1228 2967 1328 3050 1657,

299 3096 472 3168 antequam
489 3077 666 3144 Goudensis
686 3074 830 3140 ecclesiae
851 3100 961 3140 curam
976 3079 1153 3165 susciperet.
1199 3079 1331 3147 Duode-

296 3193 358 3259 cim
374 3215 475 3258 annos
494 3206 564 3278 post
589 3213 706 3256 novam
729 3190 920 3255 concionum
939 3189 1097 3276 Episcopii
1117 3193 1230 3263 seriem
1248 3195 1332 3282 typis

298 3305 427 3370 tradidit
457 3301 726 3392 pervulgandam
767 3325 853 3366 anno
884 3301 971 3366 1693
1002 3303 1225 3389 septemdecim
1257 3305 1333 3371 alias

298 3417 414 3498 edidit3
448 3413 614 3479 his¹vitam
636 3416 795 3502 Episcopii
810 3413 940 3504 ‘Belgice'
961 3431 1144 3479 enarratam·
1158 3421 1327 3506 praemisit.

295 3521 420 3595 Eodem1
436 3526 573 3618 denique
589 3551 673 3591 anno
696 3527 757 3591 hae
777 3552 885 3592 omnes
897 3518 1061 3619 Episcopii
1074 3517 1238 3600 cenciones
1256 3558 1332 3599 cum

295 3646 361 3732 ejus
389 3645 453 3708 vita
476 3633 672 3737 conjunctim
691 3657 766 3706 sunt
783 3642 884 3712 editae
904 3641 1134 3711 Amstelodami
1154 3649 1189 3715 in
1203 3629 1268 3728 iol,
1289 3686 1329 3698 .-

296 3755 377 3832 Vite
396 3755 554 3843 Episcopii
573 3757 747 3843 separatim
768 3779 900 3844 quoque
915 3757 1033 3843 prodiit
1048 3760 1083 3822 in
1106 3761 1162 3824 «lto
1173 3762 1198 3842 .1;
1222 3764 1334 3830 eadem

296 3893 384 3933 anno·
409 3869 490 3932 tunt
525 3869 642 3955 (verius
671 3869 772 3957 1700)
798 3868 1025 3934 Amstelndami
1052 3873 1085 3935 in
1105 3874 1156 3936 8v⁰
1175 3877 1293 3964 prodiit
1314 3905 1332 3942 a

298 3983 356 4082 M?
369 3981 446 4046 Ant.
475 3983 619 4045 Teutone
644 3983 738 4070 ipsius
761 3983 1118 4073 Limborchii'auspiciis
1136 3989 1170 4052 in
1188 3987 1332 4082 linguam

336 4227 342 4259 ¹
363 4230 412 4276 llos
432 4245 565 4278 memorare
585 4233 740 4292 nssglcscrunt
763 4234 880 4289 Niceron,
902 4235 919 4281 1.
933 4235 1000 4282 laud.
1014 4250 1039 4296 p.
1055 4239 1083 4284 51
1100 4253 1125 4284 st·
1143 4273 1150 4297 ,
1166 4241 1330 4296 emenonis„
