2959 5284
729 478 905 542 43..

296 682 327 730 et
355 638 421 728 non
435 680 508 752 tam
538 660 752 752 Evangelium
767 661 972 755 explicarent,
997 686 1095 752 quam
1114 662 1334 750 praejudicatis

297 776 500 866 opinionibus
526 778 560 840 in
587 776 682 843 Sacro
709 775 827 841 Codice
846 774 984 840 subsidia
1006 791 1205 865 quaererent.
1253 773 1334 840 Coc-

297 892 415 980 ceiani,
442 891 527 955 idem
552 887 635 955 illud
660 889 857 977 principium
880 903 1042 969 tenentes,
1066 883 1276 976 Theologiam
1295 911 1336 952 ex

220 989 230 996 ”
297 1001 485 1070 Scholastica
507 1000 663 1070 Biblicam
682 1001 782 1066 facere
801 1003 845 1065 sic
865 1017 941 1066 sunt
961 1002 1086 1079 conati,
1107 1016 1145 1064 ut
1164 1021 1204 1064 ex
1225 998 1336 1066 multis

297 1115 575 1199 similitudinibus,
595 1115 656 1180 sub
673 1115 802 1204 quibus·
811 1116 846 1179 in
864 1113 959 1180 Sacra
972 1112 1135 1201 Scriptura
1151 1137 1200 1204 res
1215 1136 1335 1202 propo—

281 1230 404 1308 nitur,
435 1253 535 1296 unam
562 1226 715 1320 eligerent
741 1253 781 1292 ex
805 1225 1006 1293 nobilissimis
1028 1251 1128 1316 quam
1151 1230 1240 1315 quasi
1259 1251 1337 1314 pro-.

297 1344 366 1430 pria
388 1359 464 1406 esset
483 1342 579 1407 dictio
599 1343 789 1429 acciperent.
838 1341 922 1405 Hinc
941 1338 1116 1430 Theologia
1136 1337 1192 1405 illa
1212 1340 1336 1406 Foede-

298 1453 389 1535 ralis,
415 1479 497 1543 quae
525 1479 580 1518 stra
600 1456 695 1518 etiam
717 1454 833 1518 habuit
855 1451 1336 1546 omamenta·otlu1oiua‚nou

298 1571 435 1654 spinosas
456 1566 729 1656 quaestiunculas,
749 1584 787 1631 ut
807 1565 997 1632 Scholastica
1004 1604 1019 1648 ·,
1040 1566 1095 1630 sed
1113 1555 1265 1656 typorum
1284 1567 1335 1632 in-

299 1683 544 1770 terpretationes.
592 1683 722 1769 Optime
751 1679 866 1769 procul
885 1679 985 1745 dubio
1006 1681 1048 1745 de
1068 1662 1338 1770 Theologiasunt

298 1796 421 1876 meriti,
453 1811 484 1858 et
512 1793 665 1859 hactenus
693 1794 833 1882 antiquis
859 1793 1157 1859 Remonstrantibus
1177 1797 1338 1881 praestare

298 1907 378 1971 mssri
406 1907 556 1971 videntur
582 1903 672 1996 quod
700 1930 769 1971 non
796 1922 924 1970 tantum
952 1905 1183 1989 ¹Scholastic'um
1203 1923 1338 1996 systema

299 2021 515 2109 oppugnarint
536 2020 591 2084 sed
612 2017 775 2084 Biblicum
792 2022 859 2105 ejus
877 2017 949 2083 lom
969 2019 1191 2082 annuerint.
1240 2017 1339 2082 Atto*

299 2155 373 2196 men
395 2149 562 2221 tantopere
592 2135 627 2197 in
647 2135 781 2199 invento
798 2154 856 2198 suo
874 2130 936 2195 sibi
957 2126 1128 2218 placebant
1147 2146 1245 2218 atque
1266 2132 1338 2217 opi-

299 2247 386 2310 nioni
406 2243 454 2309 illi
475 2246 514 2311 de
528 2248 710 2312 oeconomia
730 2242 880 2310 foederati
895 2244 1069 2331 mancipati
1084 2259 1193 2325 erant,
1214 2259 1337 2308 utnon

299 2361 366 2424 ta'm
392 2383 546 2425 successus
579 2383 678 2449 quam
703 2376 834 2424 conatus
856 2356 1037 2422 laudandus
1055 2356 1212 2421 videatur.
1236 2360 1239 2368 '
1268 2355 1337 2422 Ubi

300 2475 470 2558 Witsium,
487 2477 551 2564 ‘qui
570 2477 653 2538 inter
672 2473 804 2538 illorum
820 2474 978 2564 principes
997 2485 1162 2552 censetur,
1183 2468 1223 2534 de
1244 2484 1337 2555 pacto

299 2585 356 2648 uei
378 2587 479 2648 Patris
498 2602 529 2648 et
550 2584 625 2648 Filii
646 2586 848 2649 disserentem
867 2582 1014 2658 audimus
1035 2582 1090 2670 (de
1110 2581 1232 2646 Oecou.
1255 2580 1338 2647 Fae·

299 2697 413 2762 derum
428 2697 487 2762 Dei
504 2695 578 2760 Lib.
593 2696 637 2775 11,
651 2719 679 2760 c.
693 2697 743 2784 9),
754 2713 851 2785 atque
864 2697 949 2784 pacti
963 2694 1050 2761 illius
1063 2712 1214 2761 naturam
1228 2697 1270 2760 sic
1283 2693 1338 2760 fu-

299 2811 361 2874 sius
374 2807 585 2899 explicantem
600 2809 642 2897 (c.
664 2810 718 2898 3),
734 2826 774 2874 ut
785 2835 819 2875 v.
839 2833 869 2874 c„
887 2809 1041 2874 »initium
1056 2807 1143 2875 illius
1160 2824 1293 2898 qtraerat
1303 2809 1337 2872 in

300 2940 426 2988 aeterno
450 2923 629 2987 adorandae
658 2923 823 2987 Trinitatis
850 2921 1000 2987 consilio:
1026 2945 1095 3011 quo
1113 2919 1216 2986 Filius
1241 2921 1301 2986 Dei
1319 2946 1338 2984 a

299 3036 411 3112 Patre,
437 3033 635 3120 approbante
661 3033 783 3120 Spiritu
808 3033 944 3112 Sancto,
975 3035 1095 3124 generis
1113 3033 1250 3099 humani
1273 3058 1339 3099 ser·-

300 3163 390 3210 vator
417 3147 606 3212 constitutus
636 3147 694 3229 sit,
724 3171 760 3210 ea
785 3126 985 3228 conditione,
1015 3162 1052 3209 ut
1078 3147 1113 3209 in
1134 3144 1340 3234 plenitudine

298 3262 450 3348 temporis
471 3284 510 3324 ex
532 3239 676 3340 muliere*
691 3276 721 3324 et
748 3259 810 3324 sub
838 3257 907 3350 lege
934 3257 1040 3340 fieret,
1068 3260 1159 3348 quod
1182 3258 1284 3326 Filius
1307 3284 1340 3325 se

300 3371 460 3444 facturum
472 3372 696 3462 spoponderit''
706 3391 766 3438 etc.
779 3423 790 3452 ‚
803 3390 901 3462 atque
913 3388 1091 3462 utrumque
1100 3372 1233 3439 Sacram
1242 3372 1340 3438 Codi-

301 3505 370 3550 cem
383 3488 426 3552 sic
439 3489 699 3575 interpretantem
712 3503 751 3549 ut
766 3486 851 3549 hisce
865 3486 1003 3550 inventis
1014 3489 1178 3569 consonet,
1186 3523 1230 3534 -
1239 3485 1338 3564 baec,

300 3601 453 3688 inquam,
481 3599 539 3665 ubi
564 3598 810 3681 consideramus,
831 3597 1076 3664 Limborohium
1093 3599 1152 3664 tali
1174 3615 1342 3691 systemate

301 3735 367 3777 non
396 3716 587 3801 impeditum
612 3716 709 3780 fuisse
730 3711 904 3803 quominus
928 3713 1069 3805 singulos
1093 3713 1178 3780 locos
1209 3739 1284 3780 vere
1308 3731 1341 3778 et

301 3821 422 3890 liiblico¹
449 3830 653 3892 constitueret
684 3825 860 3916 gaudemus
873 3829 897 3892 ¹.
944 3826 1134 3908 socinum,
1164 3845 1204 3894 ut
1226 3829 1267 3894 de
1289 3828 1341 3892 his

338 4105 347 4137 ¹
369 4109 481 4157 Attamen
499 4107 624 4158 fatendum
642 4119 680 4160 est
698 4113 758 4160 illud
775 4096 854 4174 ipsum
874 4115 899 4161 in
912 4125 985 4160 eausa
998 4110 1072 4162 fuisse
1084 4128 1130 4162 cur
1141 4115 1262 4176 quaedam
1274 4127 1342 4175 quae

301 4201 478 4266 philosophiam
498 4205 653 4266 scholamque
672 4207 748 4268 magis
766 4221 840 4267 quam
858 4193 1015 4269 Evangelium
1027 4208 1123 4273 sapiant
1134 4213 1160 4260 in
1172 4213 1226 4274 ejus
1237 4213 1341 4262 theoto

302 4300 363 4359 giam
389 4299 543 4360 itrepscrint,
570 4301 633 4360 quod
657 4301 708 4349 fieri
732 4315 780 4349 non
803 4302 921 4362 potuisset
941 4305 960 4350 si
980 4314 1080 4364 systema
1099 4307 1212 4355 omnihus
1230 4309 1341 4357 numeris
