2959 5284
758 505 805 518 ...
825 471 868 532 ss
891 505 936 516 ..-

325 671 408 720 certe
432 656 455 720 si
483 655 639 742 principes
664 677 704 718 ex
728 651 861 720 illorum
885 651 1005 718 familia
1032 655 1092 718 viri
1117 652 1364 747 intelliganurr,

324 779 401 832 nam
416 767 457 832 de
477 765 617 832 obscuris
633 769 827 856 privatisque
845 766 1031 832 hominibus
1044 765 1127 832 nihil
1140 768 1291 833 affirmari
1301 793 1366 858 po-

324 895 393 944 test.
441 878 576 944 Causam
602 880 686 946 hanc
715 882 808 945 evicit
834 879 1120 964 Cattenburobius,
1152 883 1187 946 in
1208 880 1366 970 Specimi-

323 1016 365 1057 ne
389 991 590 1061 Controvers.
614 994 697 1056 inter
714 992 807 1057 Rem.
821 1009 854 1056 et
868 991 940 1058 Soc.
954 1009 1033 1058 caet.
1049 1043 1057 1075 ‚
1070 996 1137 1081 ejus
1145 993 1365 1062 Bibliothecae
1475 976 1476 985 ἵ

234 1153 244 1184 f
323 1105 438 1194 Script.
460 1107 640 1172 Remonstr.
663 1105 846 1194 subjuncto
870 1106 984 1172 Nosin
998 1105 1195 1172 limborchii
1212 1107 1363 1197 exemplo
1475 1148 1476 1193 t

323 1221 533 1288 indimhimus
557 1220 646 1312 quali
677 1245 752 1312 erga
778 1220 960 1287 Socinianos
988 1223 1095 1285 animo
1121 1220 1252 1286 fixerint.
1299 1220 1364 1286 ille

324 1333 502 1422 complures
522 1359 560 1400 ex
577 1359 689 1400 eorum
707 1351 789 1400 secta
808 1335 843 1398 in
862 1335 1033 1398 amicitiam
1051 1351 1189 1399 suamet
1207 1359 1267 1422 per
1286 1334 1363 1400 lite-

237 1442 243 1454 *
322 1473 372 1514 ras
387 1449 650 1515 consuetudinem
666 1450 803 1530 admisit3
819 1472 895 1536 prae
907 1449 1036 1513 caeteris
1047 1446 1362 1514 celeberrimumSa-
1475 1438 1477 1446 ἱ

322 1559 463 1626 muelem
481 1560 656 1640 Crellium,
680 1585 779 1651 quem
795 1561 895 1625 doctis
911 1583 1043 1650 quoqne
1062 1559 1178 1651 Anglis
1195 1583 1360 1627 commen-

323 1673 429 1757 davit,
452 1690 483 1738 et
500 1675 708 1740 Benedictum
726 1675 981 1756 Wissowatium,
997 1672 1157 1757 Andreae,
1173 1673 1283 1738 Fausti
1299 1673 1361 1740 So-

322 1787 385 1850 cini
409 1811 447 1850 ex
470 1785 536 1859 filia
561 1788 702 1874 nepotis,
731 1784 847 1852 filium.
895 1785 1045 1875 Cumque
1066 1809 1152 1851 anno
1180 1785 1268 1851 1702
1291 1787 1359 1852 dno

322 1897 523 1966 ecclesiarum
544 1898 785 1966 Scrinianarum
807 1897 1022 1964 exsulantium
1043 1895 1156 1988 legati,
1179 1897 1297 1963 Christ.
1317 1900 1360 1964 de

323 2011 473 2102 Zagorslti
490 2030 521 2078 et
540 2015 589 2078 Io.
612 2014 778 2096 Kmitam‚
801 2029 906 2078 coetus
923 2011 1216 2077 Remonstrantium
1224 2010 1359 2076 Rotero-

322 2125 477 2192 damensis
496 2126 648 2190 antistites
674 2142 801 2190 orarent
819 2141 857 2189 ut
881 2123 1000 2190 auxilio
1023 2125 1206 2211 pecuniario
1226 2148 1360 2191 suorum

322 2238 480 2302 miseriam
500 2234 724 2320 sublevarent,
747 2237 783 2300 hi
800 2261 889 2317 vero,
912 2234 1092 2302 multorum
1108 2239 1270 2328 ingratum
1282 2240 1360 2304 ani-

322 2377 415 2418 mum
434 2354 555 2440 saepius
572 2353 705 2440 experti,
719 2349 803 2417 illud
821 2351 1012 2433 abnuerent,
1028 2350 1254 2416 Iimborchius
1269 2375 1360 2417 oom-

321 2466 523 2532 mendatione
552 2489 608 2531 sna
635 2463 738 2530 effecit
763 2481 802 2529 ut
829 2467 896 2530 voti
921 2481 1082 2551 compotes
1108 2465 1355 2532 dimitterentur.

321 2578 412 2644 Idem
431 2594 541 2644 contra
561 2603 581 2641 a
601 2575 768 2642 nonnullis
785 2576 930 2666 rogatus,
954 2593 992 2640 ut
1016 2599 1076 2663 pro
1099 2579 1286 2642 auctoritate
1301 2587 1358 2644 sua

320 2689 617 2754 Remonstrantibus
641 2689 807 2752 arctiorem
827 2711 901 2752 oum
920 2681 1093 2754 Socinidtris
1113 2691 1291 2754 societatem
1308 2690 1358 2756 fa-

319 2825 390 2867 cere
407 2802 620 2890 persuaderet,
636 2817 816 2866 constanter
835 2801 871 2865 id
890 2801 1055 2866 recusavit.
1080 2802 1230 2890 Inprimis
1243 2804 1358 2871 Daniel

320 2911 504 2993 Wullerus,
527 2913 783 3004 Norihergensis,
803 2915 885 2979 circa
902 2937 1026 2979 annum
1044 2915 1131 2980 1678
1151 2933 1278 2982 strenue
1295 2917 1358 2985 hoc

320 3026 416 3113 apud.
427 3024 672 3090 Limhorchium
689 3026 822 3115 agebat,
846 3043 878 3090 et
895 3043 1095 3116 argttmenta,
1118 3051 1201 3116 quae
1218 3029 1358 3096 hahebat
1475 3064 1476 3089 t

319 3140 391 3204 satis
409 3139 564 3225 speciosa,
590 3154 656 3202 tam
673 3131 796 3202 fortiter
815 3137 1001 3225 premebat,
1024 3156 1063 3203 ut
1076 3140 1116 3204 de
1130 3142 1196 3229 ipsa
1216 3144 1358 3209 liemon.

319 3253 490 3318 strantium
519 3268 684 3340 tamquam
717 3274 789 3315 arce
818 3251 967 3314 dimicare
996 3275 1072 3316 eum
1092 3272 1227 3344 cogeret.
1267 3254 1357 3322 Soci-
1475 3310 1476 3319 ,

318 3368 429 3432 nianos
448 3389 525 3429 cum
535 3363 831 3429 Remonstrantibus
851 3378 977 3428 tantum
996 3365 1030 3428 in
1047 3388 1115 3430 non
1131 3365 1358 3434 fundamenta·
1475 3424 1476 3443 ;

318 3477 405 3544 libus
414 3527 428 3562 ‚.
447 3501 530 3567 quae
551 3477 723 3556 dicuntur,
752 3476 914 3540 dissentire
934 3475 1056 3562 ajebat3
1080 3480 1186 3566 ipsum
1205 3480 1357 3546 Limhor..

319 3591 447 3674 chium,
478 3588 704 3678 praeeuntibus
728 3589 918 3676 Episoopio‚
949 3586 1152 3672 Curcellaeo‚
1183 3591 1268 3675 aliis,
1291 3593 1358 3660 hoo
1475 3584 1476 3659 i

319 3705 411 3784 dare,
436 3727 532 3789 porro
545 3693 630 3769 ‚iHos'
639 3700 769 3767 Sacram
783 3699 980 3788 scripturam
999 3725 1059 3790 pro
1078 3706 1173 3770 unica
1193 3705 1268 3771 fidei
1280 3730 1357 3771 suae

319 3838 440 3881 norma⁴
454 3827 640 3904 agnoscere,
663 3815 772 3909 itaque
786 3811 958 3881 satisfacere
967 3812 1101 3905 ‘legibus
1119 3841 1199 3906 quas
1214 3819 1357 3910 Reman.
1475 3858 1476 3893 p

318 3943 451 3994 strantes
475 3931 637 4013 posuerint
664 3929 700 3991 iis
727 3930 861 4017 quicum
888 3930 1066 3993 societatem
1098 3931 1233 4014 iniren13
1256 3947 1355 4020 atque
1475 3926 1476 3947 ¹

317 4064 427 4105 revera
446 4038 570 4103 admitti
587 4038 769 4105 Socinianos
786 4040 827 4105 ad
848 4065 967 4105 sacram
977 4041 1268 4108 Remonstrantium
1277 4068 1355 4134 syn-
1475 4026 1476 4081 Ῑ

317 4153 409 4234 axin3
444 4149 570 4236 nullam
606 4153 702 4242 igitur
730 4153 781 4220 his
813 4178 876 4221 esse
904 4178 1031 4220 causam
1050 4157 1204 4222 sonticam
1232 4181 1290 4222 cur
1317 4158 1355 4222 in
1475 4218 1476 4249 ¹

317 4289 418 4332 unam
438 4267 635 4356 eandemque
653 4265 818 4355 publicam
836 4265 1016 4351 coclesiam,
1043 4287 1081 4334 ut
1097 4268 1259 4360 loquitur,
1276 4295 1354 4336 eum
1472 4262 1477 4333 l
