2959 5284
547 529 590 542 -
616 496 671 556 ltt
699 529 744 542 -

145 693 191 744 per
208 693 240 726 ex
259 677 329 726 omni
346 676 473 726 bonarum
490 677 585 726 artium
597 693 627 726 ae
639 677 770 728 virtutum
781 677 885 743 ingenio
897 677 1032 728 collectam
1044 676 1179 747 quandam

145 767 328 837 perfectionem
340 769 435 822 luerim
446 780 598 833 veneratus,
612 773 665 838 jam
677 781 738 824 ante
750 770 814 822 haee
825 781 942 841 tempora
953 772 1005 822 iter
1015 770 1050 822 ad
1062 789 1109 822 vos
1120 789 1178 823 sum

145 863 304 927 meditatus,
334 862 406 935 quod
425 866 511 934 ipsum
531 875 620 917 tamen
640 883 686 934 per
705 867 833 935 Principis
853 867 1019 919 clementiam
1040 867 1179 935 suscepisse

144 957 217 1008 haud
229 959 304 1022 lieet,
318 960 368 1010 nisi
380 969 439 1027 post
450 959 600 1024 biennium,
614 960 657 1012 tan
670 961 684 1010 ὁ
695 960 782 1026 Κύριος
794 960 902 1020 θελήσει.
926 959 966 1011 Ne
978 969 1067 1012 tarnen
1078 963 1178 1012 interea

144 1069 247 1122 prorsus
258 1053 313 1105 sine
325 1063 353 1104 te
366 1055 459 1106 vixisse
472 1054 581 1106 habeam
600 1071 748 1119 necessum,
761 1058 837 1123 juvat
852 1054 1061 1106 informationem
1073 1055 1178 1124 petiisse

144 1163 190 1215 per
202 1130 298 1200 literas.
320 1150 422 1202 Scilicet
434 1152 624 1219 conseriptnms
636 1167 694 1200 sum
706 1151 736 1200 B.
748 1151 779 1202 C.
788 1151 822 1200 D.
835 1149 1046 1202 dissertationem
1057 1148 1091 1200 de
1102 1151 1179 1201 sectis

144 1242 230 1292 seculo
242 1253 331 1294 nostro
343 1243 457 1306 obortis,
471 1241 594 1294 eomodo
607 1261 660 1314 qno
672 1243 922 1310 Sehliisselburgius,
935 1261 965 1294 ac
975 1245 1038 1307 alii,
1052 1245 1178 1313 superiori

144 1337 230 1387 seculo
243 1339 370 1404 catalogos
381 1336 570 1390 haeretieorum
583 1335 761 1404 divulgamnt.
782 1337 842 1388 Fiet
851 1335 924 1388 istud
931 1335 1059 1388 modestia
1065 1355 1176 1399 summa,

143 1429 323 1482 moderatione
341 1433 463 1482 maxima.
495 1431 585 1502 Neque
602 1433 673 1482 enirn
689 1433 746 1483 istis
762 1431 890 1482 Ecclesiae
907 1441 1010 1482 nostrae
1027 1431 1178 1482 doctoribus

115 1589 118 1596 γ
143 1525 284 1588 assentior,
305 1542 370 1595 quos
386 1526 525 1593 Rigidistas
544 1529 715 1598 appellitant,
734 1530 833 1598 quique
849 1545 904 1578 non
921 1528 972 1578 nisi
988 1510 1122 1578 classicum
1136 1545 1178 1577 ca-

144 1628 221 1669 nunt.
252 1617 352 1688 Quippe
369 1621 396 1670 in
410 1622 504 1672 timore
520 1621 568 1672 Dei
580 1631 672 1673 cuncta
684 1620 881 1691 perlustranda,
895 1621 1048 1690 bonumque
1061 1623 1177 1673 retinen—

143 1712 209 1764 dum
221 1723 274 1777 est,
289 1714 344 1764 sine
356 1715 507 1766 criminibus
525 1715 595 1780 salsi,
609 1718 664 1768 sine
675 1715 755 1780 dolo,
769 1719 824 1768 sine
840 1718 972 1770 conviciis.
1002 1717 1053 1768 Sed
1064 1735 1099 1769 an
1110 1717 1177 1769 iorte

1160 1791 1167 1808 ,

144 1808 180 1857 ita
199 1807 334 1860 vobiscum
352 1819 439 1860 actum
459 1811 518 1862 est?
552 1811 611 1861 Non
631 1811 719 1864 video.
739 1813 864 1864 Doctores
880 1811 1037 1871 deformati,
1049 1813 1178 1870 Gomarus

143 1903 293 1970 praesertim
305 1920 333 1953 ac
340 1903 369 1956 Ν
370 1905 467 1968 cetius,
488 1906 572 1956 multa
585 1906 659 1957 vobis
671 1906 808 1970 tribuunt,
826 1923 894 1977 quae
905 1905 1066 1975 deprehensa
1077 1906 1124 1957 abs
1134 1923 1178 1956 me

143 2015 195 2048 non
207 2007 283 2062 sunt,
298 1999 326 2050 in
338 1999 542 2066 magnificentiae
554 2009 615 2050 tuae
627 2001 788 2067 systemate,
802 2001 875 2072 quod
887 2019 970 2072 nuper
981 2002 1033 2053 Dn.
1047 2002 1080 2052 D.
1095 2001 1178 2052 Fran-

100 2157 105 2174 N
143 2091 399 2160 kiusaggressusest.
430 2094 521 2165 Neque
532 2095 683 2164 Episcopius
695 2107 727 2147 eo
745 2095 868 2165 abreptus
877 2115 994 2167 unquam
1005 2096 1057 2148 fuit
1068 2096 1177 2149 dernen-

141 2189 211 2251 tiae,
224 2197 256 2238 ut
267 2197 410 2252 statueret,
429 2207 495 2260 quae
508 2191 554 2259 ipsi
568 2189 738 2258 affinguntur,
752 2192 849 2243 omnia.
869 2191 921 2242 Sed
939 2191 1002 2244 haec
1012 2191 1047 2242 ad
1059 2210 1178 2262 praesens

141 2281 239 2333 directe
251 2301 305 2334 non
317 2294 443 2352 spectant.
463 2286 517 2352 Ego
535 2288 563 2338 in
580 2285 761 2339 dissertatione
778 2306 836 2338 mea
848 2306 978 2357 suppono:
1005 2286 1077 2339 haud
1088 2289 1177 2340 iecisse

140 2377 352 2427 demonstrantes
369 2375 477 2428 schisma
497 2377 542 2428 sed
562 2395 647 2446 passos
665 2377 752 2429 hrisse.
782 2379 838 2430 llcc
857 2391 888 2431 ut
905 2382 1027 2450 probem,
1040 2399 1094 2432 non
1115 2392 1178 2433 sunt

140 2468 257 2520 adeundi
273 2467 415 2522 adversarii
431 2471 511 2522 vestri
530 2469 680 2522 Reformati.
718 2473 755 2524 lii
771 2473 868 2543 quippe
886 2473 968 2526 fidem
984 2491 1070 2526 meam
1089 2465 1177 2526 hacin

142 2573 213 2630 parte
229 2564 380 2634 implorant.
416 2564 455 2616 De
472 2564 583 2617 Maresio
600 2584 640 2617 res
651 2567 728 2636 planu
741 2577 797 2630 est,
817 2577 848 2619 ut
864 2567 933 2619 nibil
950 2568 1036 2619 dioem
1055 2566 1090 2620 de
1107 2569 1175 2621 aliis.

142 2655 217 2708 Unde
230 2668 317 2710 autern
331 2657 459 2710 edocebor
470 2658 533 2710 fidei
545 2669 646 2712 vestrae
658 2660 836 2713 inermabula?
854 2661 930 2714 Dicat
941 2664 1014 2734 quis,
1028 2663 1110 2715 libros
1123 2681 1178 2714 esse

141 2760 226 2801 notos.
254 2752 405 2820 Respondeo
415 2755 495 2814 novi,
509 2764 548 2804 ast
559 2753 733 2805 inimieorum.
764 2755 812 2806 llis
823 2765 913 2808 autem
924 2755 1081 2828 quis-fidat?
1109 2755 1177 2807 Fido

141 2845 168 2897 in
187 2846 235 2908 iis,
256 2863 322 2915 quae
340 2846 449 2914 pertrita
461 2855 538 2907 sunt,
552 2855 631 2916 atque
643 2845 676 2896 ab
688 2856 800 2915 utraque
812 2857 885 2915 parte
897 2848 1018 2900 admissa.
1048 2849 1102 2900 Sed
1113 2850 1177 2901 haec

141 2957 196 2991 non
210 2940 323 3009 inquiro.
352 2939 467 2990 Eatenus
483 2939 562 2990 altius
577 2939 680 3010 inquiro
692 2939 721 2989 in
732 2937 796 2990 fidei
807 2949 907 2990 vestrae
918 2939 1069 3003 historiam,
1083 2953 1176 3012 quate-

141 3053 191 3086 nus
203 3043 242 3086 est
254 3043 417 3100 controuersa
429 3044 456 3085 et
468 3034 557 3085 rarior.
581 3034 686 3086 Scilicet
696 3031 827 3084 reddituri
839 3051 929 3084 sumus
940 3032 975 3085 de
986 3035 1106 3105 quolibet
1117 3055 1177 3090 ver-

140 3129 176 3180 bo
188 3129 331 3192 rationem,
348 3127 524 3196 affingendum
540 3146 600 3196 ergo
612 3126 679 3179 nihil
692 3137 747 3191 est,
760 3144 846 3198 neque
857 3129 1004 3197 peremnia
1014 3131 1178 3200 acquiescen-

142 3223 207 3276 dum
218 3225 247 3275 in
259 3223 397 3294 Spanhem.
412 3223 522 3276 Elench.
536 3225 701 3276 Controvers.
716 3241 744 3292 p.
760 3225 811 3276 127
823 3240 881 3294 sqq.
913 3223 953 3274 Te
964 3241 1038 3291 ergo,
1050 3225 1094 3276 vir
1104 3243 1177 3277 sum·

141 3337 200 3382 rues,
217 3335 277 3386 rogo
296 3328 375 3389 atque
388 3319 517 3382 obtestor,
536 3319 602 3370 velis
613 3335 661 3388 pro
673 3335 720 3381 eo,
733 3314 832 3387 quoad
843 3317 952 3382 gloriam
964 3308 1012 3368 Dei
1023 3335 1176 3387 promoven·

142 3411 204 3464 darn
221 3413 354 3480 grassaris,
375 3411 492 3475 fervore,
512 3429 611 3482 proque
627 3413 703 3462 toties
716 3410 855 3462 decantata
866 3409 937 3479 apud
949 3428 997 3463 nos
1008 3411 1176 3468 humanitate

141 3517 201 3570 tua,
223 3515 339 3558 auctores
357 3506 482 3576 probatae
499 3523 546 3576 per
561 3505 648 3557 omnia
660 3504 722 3557 fidei
735 3507 764 3557 in
775 3505 826 3557 hoc
836 3507 942 3574 negotio
952 3507 1020 3559 mibi
1028 3525 1174 3574 recensere,

141 3613 221 3673 atque
233 3619 300 3673 quae
312 3611 390 3666 recte,
405 3619 524 3672 quaeque
534 3619 605 3654 secus
618 3601 693 3654 vobis
701 3600 881 3654 adscribantur
892 3602 1015 3653 nonnihil
1025 3605 1174 3672 explanare.

140 3697 266 3763 Dogmata
278 3697 349 3748 nolo.
369 3697 420 3747 llla
435 3698 500 3748 novi
513 3713 546 3747 ex
558 3697 763 3763 magnificentiae
779 3704 840 3745 tuae
853 3695 970 3762 seriptis,
981 3711 1048 3764 qrsae
1064 3696 1173 3762 osculor,

141 3789 261 3861 puhlicis.
281 3790 339 3842 Imo
357 3807 404 3856 ego
418 3791 463 3840 vix
482 3807 511 3840 ac
526 3805 559 3840 ne
576 3790 621 3839 vix
638 3786 748 3858 quidem
764 3786 885 3837 historice
900 3796 1018 3839 tacturus
1033 3807 1091 3841 sum
1111 3790 1176 3860 dog-

142 3894 227 3948 mata,
252 3886 339 3954 pctius
357 3882 420 3935 fidei
438 3893 540 3935 vestrae
562 3891 650 3934 ortum
672 3898 702 3932 ae
722 3882 898 3944 incrementa,
920 3882 1037 3954 itemque
1056 3884 1176 3940 doctores

142 3980 256 4034 celebres
269 3979 463 4048 explanaturus.
486 3977 609 4044 Magnum
627 3976 757 4047 estquod
774 3985 850 4046 peto,
864 3974 960 4041 fateor,
980 3978 1026 4030 sed
1043 3989 1072 4032 et
1084 3999 1176 4049 magna

141 4085 182 4128 est
197 4085 257 4140 tua,
278 4091 329 4146 qua
345 4083 447 4125 exteros
465 4073 640 4143 prosequeris,
651 4071 817 4122 'humanitas
851 4070 983 4142 Equidem
1000 4073 1085 4126 dicam
1101 4077 1175 4149 qaod

142 4189 183 4222 res
199 4181 247 4222 est.
280 4171 307 4222 Si
323 4170 471 4240 pervenerit
487 4167 522 4220 ad
540 4185 633 4220 manus
648 4175 746 4219 vestras
761 4165 923 4218 celeberrimi
939 4173 1112 4240 praeceptoris
1123 4175 1175 4225 mei

143 4265 319 4316 liebenstreiti
334 4263 476 4331 Theologia
495 4263 627 4315 Naturalis
645 4277 727 4330 nuper
743 4276 843 4323 meuse,
855 4278 935 4330 quarn
952 4263 1006 4332 ipse
1022 4265 1096 4318 vobis
1104 4284 1175 4336 prae·
