2959 5284
215 2439 221 2451 “
291 2431 366 2497 iri”

716 435 896 502 ..ss-

290 628 379 694 »Nee
405 625 554 706 aliunde,
578 624 700 712 inquit,
723 622 804 688 dum
822 621 885 686 sub
902 618 1012 709 praelo
1028 619 1164 686 sudabat
1184 620 1321 686 diutius-

289 739 361 806 cule
390 740 452 804 hoc
479 761 575 824 opus,
597 737 718 823 saepius
738 736 773 800 id
788 752 845 800 aut
862 733 1047 825 flagrantius
1066 756 1166 820 quam
1186 731 1229 798 ab
1248 731 1322 798 An·

289 852 348 945 glis
364 852 566 942 efflagitatum
583 867 646 933 est,
662 875 737 915 oum
751 851 923 915 identidem
937 851 1058 936 scriptis
1069 849 1112 914 ad
1124 849 1322 916 diversarum

290 965 478 1034 Hollandiae
504 965 668 1031 civitatum
693 960 881 1051 bibliopolis
909 959 1007 1027 literis
1029 962 1089 1028 sihi
1110 966 1178 1050 ejus
1197 965 1321 1052 oopium

290 1083 355 1146 sine
378 1104 467 1144 mora
490 1077 557 1143 fieri
574 1075 805 1165 postidarent.’'
850 1075 1001 1141 Eundem
1023 1099 1096 1167 erge
1115 1077 1321 1166 Episoopium

290 1194 645 1280 demonstrandumque
674 1189 827 1258 familiam
851 1192 996 1255 animum
1019 1204 1174 1264 testantur
1197 1189 1321 1256 multo·

290 1331 364 1372 rum
385 1329 463 1395 quas
480 1306 705 1392 rescripserunt
720 1301 884 1392 epistolse3
903 1305 938 1367 in
956 1303 1006 1370 his
1024 1319 1100 1368 sunt
1115 1299 1224 1368 literae
1239 1303 1323 1368 oele-

290 1420 420 1486 berrimi
448 1416 630 1507 philosophi
659 1419 739 1484 de.
764 1417 981 1498 Cndworthii‚
1004 1418 1081 1506 qui:
1117 1417 1320 1504 »praeelare,

290 1534 412 1622 inquit,
440 1557 462 1595 a
490 1545 520 1595 te
535 1532 666 1620 suetum
687 1555 756 1594 meo
768 1531 912 1618 judicio,
942 1515 1029 1618 quod
1042 1538 1163 1594 sanctu
1185 1529 1270 1594 hisee
1290 1543 1323 1596 et

291 1637 422 1709 eruditis
445 1645 613 1709 clarissimi
627 1645 793 1732 Episcopii
808 1643 949 1732 reliquiis
965 1641 1064 1706 lucem
1083 1665 1148 1706 ison
1165 1642 1319 1723 invidens,

291 1757 403 1820 iisdem
427 1757 553 1821 taudem
569 1756 743 1820 literarium
762 1756 863 1820 beasti
879 1755 996 1819 oriem.
1021 1755 1125 1842 Quum
1148 1769 1267 1820 tantum
1288 1763 1323 1818 in

291 1869 351 1933 hoe
378 1869 510 1932 emitote
539 1877 675 1932 emineat
685 1869 845 1957 judicium
866 1868 1027 1932 subactum
1055 1878 1086 1931 et
1112 1877 1319 1955 castigatum,

291 1986 563 2070 iugenii'aoumeu
579 1994 611 2045 et
629 1981 755 2046 dicendi
766 1989 996 2070 perspicuitas,
1018 2003 1082 2044 unu
1097 2003 1167 2044 eum
1181 1980 1324 2044 omuibus

292 2103 361 2158 istis
382 2093 506 2157 Etiteu
525 2093 783 2180 dispositionibus
798 2107 830 2158 et
853 2092 1104 2173 characteribus,
1128 2101 1184 2181 qui
1202 2101 1324 2180 ser1‘pta

291 2206 510 2272 comendare
530 2205 651 2286 solent;
667 2227 740 2294 spes
760 2221 808 2270 est
820 2220 905 2271 certe
919 2207 1005 2270 disee
1019 2207 1175 2270 machinis
1186 2219 1323 2270 castrum

292 2319 371 2382 illud
392 2326 527 2398 errores,
562 2325 803 2384 munitissimum
832 2319 921 2399 lieet,
953 2319 1079 2384 tandem
1107 2332 1324 2409 expugnatum

336 2543 434 2610 Anno
455 2543 561 2627 1660,
587 2546 669 2610 socio
695 2545 874 2610 Christiano
892 2543 1117 2626 Hurtsoeltero,
1139 2543 1184 2611 V.
1207 2544 1248 2608 D.
1271 2544 1319 2608 M.

292 2658 326 2720 in
344 2653 470 2720 eeclesia
490 2657 782 2723 demonstrantium
805 2657 1080 2740 Roorodamensi,
1102 2656 1227 2744 Corpus
1242 2658 1326 2743 epis-

292 2767 431 2833 tolarum
443 2771 670 2856 praestantium
688 2787 719 2836 et
740 2770 940 2835 eruditorum
957 2771 1100 2834 virorum
1115 2770 1216 2836 edidit
1232 2769 1325 2832 Lim-

291 2880 457 2964 boreliius3
487 2884 656 2971 tepetitum
691 2899 736 2948 est
766 2907 852 2950 anno
881 2884 967 2950 tsst
996 2881 1101 2948 multo
1128 2882 1325 2948 emendatius

291 3011 387 3082 atqioe
406 2995 546 3076 auctius3
568 2997 697 3062 testium
712 2996 832 3083 prodiit
845 3019 930 3060 anno
950 2996 1036 3060 1704
1052 3017 1137 3060 novo
1152 3010 1324 3084 augmento

291 3121 456 3188 omumm3
474 3107 657 3172 „sonmo”
674 3147 711 3158 ·-
722 3131 805 3196 quae
819 3108 860 3173 ad
875 3107 1119 3174 Limhorchium
1133 3131 1218 3173 anno
1235 3106 1324 3172 test

291 3218 434 3282 Lutetiae
452 3220 574 3307 scripsit
589 3219 701 3284 Petrus
717 3217 856 3285 Allixius
872 3259 913 3273 -
929 3245 1030 3310 »euro
1045 3233 1156 3284 eontra
1172 3208 1321 3299 eliorum,

291 3353 352 3418 quo
381 3331 535 3420 quidquid
560 3333 607 3396 od
632 3333 835 3422 Theologium
853 3332 1073 3398 elucidandum
1093 3347 1127 3398 et
1140 3346 1322 3399 controver-

290 3450 357 3504 sias
388 3456 508 3506 vestras
537 3445 747 3509 enucleandos
772 3461 893 3533 spectet
920 3456 965 3512 ita
995 3445 1151 3533 complexi
1169 3459 1244 3510 sunt
1263 3454 1326 3510 viri

292 3575 362 3617 vere
382 3569 587 3642 praestantes
610 3572 641 3621 et
661 3559 794 3638 eruditi,
815 3573 864 3638 ut,
887 3567 917 3622 si
936 3559 1014 3648 quid
1029 3567 1148 3623 vestris
1171 3560 1322 3624 adversa-

291 3675 348 3730 riis
367 3677 504 3754 supersit
517 3669 653 3756 pudoris
671 3695 710 3736 ae
716 3674 861 3762 frontis,
878 3672 938 3735 hoe
951 3671 1029 3737 lecto
1043 3674 1217 3754 volumine,
1234 3672 1323 3738 tecit-

291 3787 341 3842 nis
370 3779 494 3868 quidem
525 3795 556 3844 et
584 3797 652 3846 arte
678 3807 713 3847 se
740 3799 858 3850 vestros
881 3793 990 3850 vicisse
1009 3786 1070 3849 sed
1080 3808 1216 3873 prorsus
1235 3787 1324 3873 apud

291 3915 407 3979 aequos
429 3892 557 3978 judiees
586 3918 683 3959 causa
713 3919 843 3960 casuros
873 3921 957 3973 esse,
987 3898 1116 3984 diffiteri
1140 3907 1321 3987 neutiquam

285 4004 443 4092 possint.''
489 4004 573 4070 Haec
592 4005 730 4075 Allixius
739 4057 750 4088 ‚
773 4009 867 4075 nimis
883 4008 964 4076 sorte
983 4009 1117 4077 fidenter
1134 4011 1225 4100 quod
1241 4011 1321 4101 dog—

290 4129 374 4178 mata
396 4133 593 4182 controversa
620 4121 741 4184 attinet.
791 4118 941 4186 Attamen
966 4147 1119 4213 magnum
1144 4123 1206 4188 hoe
1224 4140 1270 4188 est
1289 4139 1321 4187 et

290 4227 420 4292 minime
441 4229 589 4321 vulgare,
616 4231 759 4320 epistolas
776 4229 845 4296 illas
862 4235 895 4297 in
916 4236 1021 4299 medio
1037 4238 1319 4302 controversiarum
