2959 5284
545 463 720 526 ..45-

109 639 285 706 &cinianis
305 643 388 730 coire
410 660 611 725 vererentur3
637 645 837 712 imo-dehere
856 646 1147 730 illuscescere,

108 777 188 818 cum
201 753 345 845 alioquin
358 771 390 820 et
407 755 467 820 eibi
484 779 599 844 parum
616 773 794 823 constarent
807 776 840 824 et
855 769 1022 848 peccarent
1036 780 1149 828 contra

107 867 225 932 Jacobi
242 884 447 956 praeceptum
468 869 582 957 (Epist.
604 870 880 960 tao.·1V‚·t.7..);
905 872 977 938 illes
997 896 1054 962 pem
1071 899 1149 962 pra-

105 1001 193 1043 vum
206 996 338 1044 metum
360 981 573 1070 vitiosumque
599 981 757 1068 pudorem
773 984 909 1050 miseras
928 985 1050 1052 exime
1069 988 1148 1053 hae·

106 1093 286 1182 reticosque
317 1093 480 1159 detestatus
504 1117 565 1182 pru
586 1093 737 1160 fiatribus
763 1119 930 1186 agnoscere
954 1099 1145 1182 detrectat-ep

106 1204 297 1272 audendum
325 1215 405 1287 ess'e3
433 1204 623 1292 palam.·pro
651 1209 787 1272 veritate
809 1215 893 1274 stare
917 1211 1027 1276 decere
1042 1215 1146 1291 virosa
1180 1191 1186 1204 Ι

106 1319 221 1384 desere
238 1318 444 1386 Christianos.
469 1320 555 1384 Haec
574 1336 606 1383 et
625 1317 739 1384 similia
760 1312 1039 1412 Wulsmus,.quae
1054 1328 1146 1390 sarie„

106 1435 173 1499 tius
196 1435 291 1498 etiam
314 1457 413 1523 quam
437 1433 479 1499 ab
507 1436 572 1522 ipso
602 1433 723 1500 sactum
749 1452 796 1500 est
818 1436 993 1524 preposui„
1021 1435 1147 1502 Contra

105 1545 354 1612 Limborchius:
379 1545 504 1612 nullam
525 1571 588 1612 esse
607 1549 694 1635 apud
718 1571 751 1612 se
771 1564 830 1613 aut·
853 1545 965 1614 fratres
989 1547 1147 1616 suesho-
1273 1643 1276 1650 Ι
1324 1503 1328 1526 ¹

105 1661 237 1724 minum
253 1657 455 1725 formidinem
473 1658 636 1726 malumve
653 1661 829 1747 pudorem,
847 1659 1146 1748 seSocinianospru

104 1770 261 1836 fratribus
273 1773 307 1836 in
324 1771 449 1838 Christo
464 1793 631 1861 agnoscere
645 1788 677 1836 et
693 1770 825 1859 publice
837 1795 927 1859 saepe
940 1785 1071 1838 testatos
1083 1798 1146 1842 etse

105 1907 139 1948 se
158 1880 247 1948 nolle
261 1884 297 1948 iis
314 1883 482 1950 anathema
501 1884 615 1965 dicere,
632 1880 876 1972 mtdtcmmque
894 1897 1062 1974 propterea
1074 1886 1146 1954 odia

44 2001 53 2018 '
105 2013 139 2061 et
159 1993 335 2062 calumnias
357 1998 392 2061 in
420 2012 517 2061 semet
540 1997 712 2076 excitasse,
736 1993 957 2083 compluribus
982 1996 1145 2064 exsilibus

105 2112 266 2198 suppetias
282 2135 314 2176 se
329 2109 438 2176 tulisse
457 2127 489 2175 et
506 2107 645 2198 amplius
662 2107 744 2176 ferre
764 2126 889 2197 paratos
907 2108 993 2192 fore,
1016 2109 1100 2176 velle
1113 2124 1146 2176 se'

104 2239 140 2286 et
158 2221 273 2286 debera
292 2223 333 2288 ad
351 2225 484 2313 synaxin
504 2247 595 2289 suam
611 2223 796 2306 admittere,
829 2219 883 2287 vel
900 2224 995 2291 etiam
1016 2224 1050 2289 in
1071 2247 1146 2311 per-

103 2351 240 2422 petuam
259 2357 366 2398 secum
388 2335 566 2400 societatem
583 2336 738 2420 mpere,
750 2335 936 2422 quicunque
956 2335 1082 2402 Christo
1096 2359 1145 2402 se-

105 2447 254 2512 cundum
282 2446 479 2534 Scripturam
503 2445 600 2512 fidem
620 2445 771 2525 haberet,
795 2447 914 2513 etiamsi
932 2445 1013 2512 forte
1033 2448 1144 2515 eedem

106 2583 192 2649 quae
213 2559 345 2626 Socinus
367 2561 407 2626 de
427 2558 510 2625 Filio
542 2560 601 2626 Dei
630 2561 664 2626 in
688 2558 782 2626 Sacro
807 2557 924 2625 Codice
950 2557 1054 2650 legere
1082 2559 1142 2627 sibi

106 2673 286 2760 videretur,
310 2690 343 2738 at
364 2698 439 2739 vem
450 2697 509 2739 nec
529 2673 644 2740 debere
662 2698 694 2738 se
714 2698 774 2740 nec
794 2671 878 2740 velle
890 2697 950 2739 nec
965 2697 1054 2762 posse
1067 2699 1143 2742 cum

104 2801 190 2850 secta
214 2784 475 2864 socinianorum,
504 2787 526 2850 i.
548 2809 577 2850 e.
600 2809 675 2850 cum
703 2801 803 2854 coetu.
817 2784 1070 2853 Christianomm
1086 2812 1143 2854 ex-

16 2869 18 2882 *
105 2919 212 2985 presse
220 2895 440 2984 profitentium
453 2919 487 2960 se
505 2919 581 2962 cum
597 2895 710 2962 Socino
726 2894 839 2977 facere,
856 2897 1034 2964 societatem
1044 2899 1140 2977 coitu,

105 3011 230 3099 quippe
258 3011 315 3098 qui
335 3009 398 3074 hoc
417 3025 509 3097 pacto
529 3032 565 3074 re
589 3023 621 3072 et
636 3004 720 3075 sacto
743 3004 989 3078 declarerent‘se
1011 3021 1142 3099 quoque

106 3122 158 3188 illi
177 3124 341 3206 assentire,
363 3145 440 3188 cum
455 3139 559 3188 saman
576 3118 687 3190 nullus
708 3137 766 3187 aut
782 3122 836 3188 rix
853 3119 941 3188 nllus
961 3124 995 3188 in
1013 3147 1073 3191 sua
1093 3124 1141 3194 ia·

106 3236 197 3303 milia
224 3256 300 3304 meet
328 3241 384 3328 qui
409 3262 476 3303 non
494 3239 629 3328 graviter
654 3237 688 3300 in
711 3235 807 3324 rebus
833 3237 966 3302 maximi
989 3240 1142 3306 momenti

105 3377 213 3416 errare
231 3351 324 3418 illum
342 3353 499 3433 medaea,
523 3351 710 3438 perniciosos
728 3351 870 3413 enimse
883 3349 1021 3438 judicare
1037 3348 1142 3419 Somni

106 3485 251 3548 errores,
285 3465 429 3553 <piramus
456 3461 543 3530 illius
565 3460 684 3528 asseclis
710 3461 877 3528 anathema
900 3461 1003 3529 dicere
1027 3487 1142 3554 eosque

106 3576 362 3642 Christianorum
386 3578 515 3641 nomine
537 3575 931 3669 indignoslpronuntiarffi
961 3597 1028 3639 non
1046 3599 1141 3663 prae-

106 3705 205 3756 eunte
221 3689 314 3755 Sacro
333 3689 469 3772 Codice,
484 3687 626 3768 nollent,
650 3711 683 3750 se
697 3709 774 3750 vero
792 3709 851 3750 nee
871 3701 988 3750 sectam
1007 3709 1070 3750 esse
1081 3709 1142 3754 nec

101 3805 247 3893 'cuipiam
267 3819 365 3868 sectae
383 3827 415 3868 se
435 3803 605 3891 adjungere
627 3796 726 3879 velle,
751 3797 814 3861 hoc
833 3796 894 3862 sihi
913 3814 944 3861 et
957 3796 1142 3868 lirissesem·

107 3941 166 4006 per
182 3919 215 3981 in
236 3917 315 3981 votis
332 3933 362 3980 et
381 3939 442 3980 esse
460 3915 701 3977 etiamnuncrut
722 3907 879 3975 Ecclesiae
908 3913 1026 3999 patriae
1050 3913 1141 3979 disei-

104 4033 200 4096 dium
224 4029 409 4107 sarciretur,
441 4024 529 4092 nolle
554 4027 749 4116 igitur'votis
764 4025 828 4089 suis
847 4029 1002 4092 contraria
1019 4025 1138 4110 ficere}

109 4144 266 4233 denique:
290 4140 416 4208 nullam
435 4165 498 4208 esse
516 4139 715 4207 Christianae
728 4154 786 4202 aut
807 4139 942 4204 caritatis
967 4157 1030 4204 aut.
1042 4142 1142 4225 since⁴

111 4257 208 4320 ritatis
227 4255 348 4346 legem,
372 4279 436 4345 qua
455 4253 643 4342 juberentur
657 4252 723 4314 sine
741 4248 812 4316 ullo
825 4250 983 4341 religionis
1001 4269 1057 4316 aut
1076 4253 1141 4317 Ec-
