2959 5284
725 528 766 536 -
797 491 859 552 tto
883 528 924 536 -

388 675 435 727 Vir
452 675 603 736 clarissime,

350 769 428 834 Quod
444 768 511 820 mibi
525 767 662 834 gratularis
677 765 711 818 de
729 765 884 818 educatione
901 767 1026 836 Principis
1043 767 1110 818 mihi
1121 769 1257 820 commissa
1268 769 1347 820 amici

315 865 397 915 animi
414 862 595 914 testimonium
611 870 660 912 est.
691 861 786 912 Fateor
797 860 957 930 provinciam
968 859 1037 912 hanc
1048 863 1144 912 summi
1155 880 1209 914 esse
1221 861 1343 925 honoris,

315 977 330 1008 a
347 961 420 1026 cujus
433 958 501 1010 bona
518 955 742 1007 administratione
757 956 842 1006 multa
857 954 1001 1024 pendeant.
1034 956 1152 1008 Summas
1168 975 1275 1028 quoqne
1287 975 1346 1027 spes

314 1073 330 1104 a
342 1053 416 1119 genio
429 1062 456 1103 et
468 1051 559 1103 indole
571 1051 696 1118 Principis
706 1049 888 1119 concipiendas
898 1048 986 1101 video.
1006 1050 1058 1102 Sed
1070 1050 1147 1115 eheu,
1161 1051 1227 1122 quid
1239 1052 1273 1103 ab
1285 1054 1345 1103 aula

315 1146 472 1216 sperandum
480 1185 488 1211 ,
496 1171 498 1177 ⁸
507 1163 573 1216 quae
590 1154 631 1196 tot
644 1145 774 1196 illecebris
789 1145 958 1213 circumsepta
968 1155 997 1196 et
1007 1155 1049 1196 tot
1060 1145 1240 1197 adulatoribus
1251 1147 1346 1200 referta

315 1243 433 1294 animum
445 1260 461 1292 a
473 1251 567 1294 natura
578 1239 612 1291 ad
626 1240 775 1308 voluptates
785 1250 813 1291 et
825 1240 995 1291 ambitionem
1005 1258 1117 1311 pronum
1128 1242 1162 1292 ab
1173 1241 1270 1310 optima
1279 1242 1346 1294 edu·

314 1339 416 1390 catione
429 1338 481 1388 cito
493 1335 625 1387 deflectet.
654 1334 756 1386 Curabo
767 1334 861 1386 sedulo
871 1344 903 1386 ut
914 1336 955 1386 illi
967 1336 1066 1404 optima
1077 1337 1233 1406 exemplaria
1243 1355 1348 1408 semper

314 1433 349 1484 ab
366 1434 454 1484 oculos
471 1449 574 1500 ponam.
605 1429 787 1498 Xenophontis
797 1429 985 1498 Cympaediam
996 1448 1043 1499 pro
1054 1440 1131 1482 textu
1140 1431 1182 1482 illi
1193 1432 1304 1485 exhibeo
1316 1445 1345 1486 et

313 1531 368 1596 jam
384 1527 425 1579 bis
442 1534 502 1577 cum
518 1525 564 1576 illo
582 1523 680 1575 librum
697 1525 776 1574 illum
792 1524 880 1590 relegi.
912 1524 1031 1576 Couabor
1041 1543 1147 1596 quoque
1158 1535 1189 1577 ut
1200 1526 1344 1580 Alexandri

315 1621 378 1673 falso
398 1621 486 1688 Magni
504 1629 532 1670 et
550 1619 615 1670 Julii
634 1618 749 1670 Caesaris
761 1621 868 1670 nomina
887 1619 927 1669 illi
944 1637 1045 1690 semper
1056 1630 1088 1670 ut
1099 1619 1253 1672 detestanda
1264 1641 1344 1693 appa-

314 1725 396 1767 reant.
428 1715 498 1766 llaec
510 1722 572 1764 sunt
582 1729 649 1783 quae
661 1729 752 1764 omnes
762 1711 815 1764 iere
827 1714 958 1784 Principes
970 1715 1079 1782 aprima
1091 1715 1199 1766 infantia
1210 1714 1281 1768 falsis
1291 1720 1345 1768 im-

313 1811 401 1862 buunt
411 1809 585 1880 opinionibus.
597 1808 694 1860 Veram
703 1808 829 1877 pietatem
836 1807 871 1858 ab
880 1809 951 1858 omni
961 1810 1144 1877 superstitione
1152 1820 1180 1861 et
1188 1810 1344 1865 emdelitate

314 1906 425 1956 alienam
442 1905 484 1955 illi
504 1921 603 1973 semper
619 1889 745 1974 propono.
780 1902 877 1954 Omnia
896 1902 1030 1974 hucusque
1048 1923 1081 1956 ex
1097 1915 1161 1957 voto
1182 1906 1340 1976 procedunt3

313 1999 365 2051 alia
382 2010 471 2052 manen
489 2008 548 2068 post
565 1996 693 2069 quosdam
708 2015 791 2050 annos
807 1997 926 2049 timenda
943 2008 1021 2062 sunt,
1035 2018 1050 2050 a
1062 1999 1158 2070 quibus
1169 2019 1270 2052 summa
1281 2020 1343 2053 cura

313 2105 346 2146 ut
357 2103 449 2163 potero
460 2093 565 2145 cavebo.
586 2093 660 2144 Hanc
671 2091 705 2143 ad
717 2102 745 2144 te
757 2091 842 2146 desert
853 2093 886 2142 D.
900 2091 1034 2144 llarkman
1046 2094 1075 2144 in
1086 2111 1146 2160 agro
1156 2095 1343 2149 Brunswioensi

312 2199 406 2250 natus,
418 2189 459 2238 vir
469 2186 588 2238 eruditus
599 2195 627 2237 et
639 2184 790 2249 modestus,
802 2187 850 2258 qni
860 2204 907 2255 per
917 2185 1046 2256 quosdam
1057 2205 1138 2239 annos
1149 2187 1220 2260 apud
1232 2207 1279 2242 nos
1290 2209 1344 2242 non

313 2283 367 2334 sine
386 2280 472 2332 fructu
489 2281 580 2346 insigni
597 2282 649 2346 egit
665 2290 693 2332 et
707 2284 761 2349 jam
772 2281 882 2350 patriam
893 2281 976 2349 petit,
990 2291 1018 2332 et
1028 2280 1106 2333 avide
1118 2285 1275 2336 occasionem
1287 2303 1344 2337 sus-

311 2377 380 2445 cepit
396 2384 422 2428 te
435 2375 463 2426 in
475 2375 569 2425 itinere
586 2372 727 2426 salutandi.
756 2375 826 2425 Deus
839 2383 867 2426 te
878 2375 926 2426 diu
938 2378 1061 2446 sospitem
1071 2388 1206 2430 conservet
1216 2390 1244 2432 et
1256 2385 1343 2433 omui-

312 2471 360 2522 bus
372 2468 598 2522 benedictionibus
609 2470 734 2520 cumulet.
756 2469 823 2518 Arna
835 2487 936 2538 semper
947 2481 978 2521 ut
990 2472 1057 2522 soles

966 2588 1007 2636 vir
1025 2588 1163 2640 clarissime
1202 2601 1206 2610 ’

738 2681 789 2730 Tui
803 2681 1060 2732 observantissimum
1072 2692 1099 2733 et
1112 2683 1146 2735 ad
1159 2689 1245 2738 omnia
1258 2687 1338 2740 officia

344 2776 434 2836 [initio
445 2777 505 2827 amri
521 2777 609 2834 16991.
826 2776 1018 2844 paratissimum

893 2872 929 2923 Gi
947 2869 987 2941 Ep
1006 2873 1174 2926 Sarisburien.

770 3044 883 3060 Q*-

737 3343 801 3407 (Vr'd.
817 3361 846 3405 p.
865 3341 920 3408 43).

377 3542 425 3596 Vir
444 3545 549 3596 Summe

342 3638 423 3691 Amor
441 3653 528 3699 meus,
549 3635 595 3706 qui
614 3635 642 3685 iu
662 3644 689 3685 te
706 3645 760 3699 est,
779 3647 807 3688 et
824 3636 963 3689 admiratio
980 3640 1078 3706 ingenii
1094 3653 1173 3714 atque
1184 3647 1340 3699 eruditionis

306 3745 382 3798 tuae,
405 3751 470 3804 quae
488 3732 606 3784 omnium
625 3748 750 3797 consensu
768 3733 882 3783 maxima
899 3744 977 3798 sunt,
997 3735 1156 3801 effecerunt,
1176 3749 1337 3805 utmorem,

306 3829 406 3881 millius
419 3844 521 3898 prorsus
538 3825 651 3877 nominis
669 3824 820 3878 hominibus
838 3829 961 3894 solitum,
979 3842 1182 3902 sequestrarem,
1202 3846 1281 3908 atque
1294 3837 1340 3890 has

303 3915 374 3994 ipsas
385 3923 474 3974 literas
485 3918 519 3970 ad
529 3920 748 3988 Magnificentiam
760 3931 833 3974 tuam
845 3941 959 3976 exarasse
974 3925 1106 3977 auderem.
1127 3929 1258 4000 Equidem
1270 3935 1338 3986 solae

307 4018 383 4080 illae,
396 4034 461 4088 quas
478 4012 598 4080 laudavi,
618 4014 692 4066 dotes
704 4033 757 4066 non
770 4015 928 4068 videbantur
939 4037 1024 4070 meam
1036 4023 1192 4074 tenuitatem
1204 4044 1234 4076 eo
1245 4027 1337 4097 abrep-

307 4122 380 4162 truae
399 4110 534 4173 audaciae,
552 4121 584 4162 ut
596 4111 630 4162 ad
642 4121 667 4163 te
681 4112 833 4174 scriberem,
853 4113 904 4163 nisi
916 4114 1123 4182 incomparabilis
1134 4121 1338 4186 magnificentiae
1426 4175 1433 4188 ,

308 4217 367 4258 tuae
385 4203 534 4258 humanitas
550 4214 608 4256 tum
624 4205 657 4256 ab
673 4207 746 4270 aliis,
768 4217 828 4258 tum
837 4208 951 4258 maxime
961 4208 995 4258 ab
1007 4211 1225 4265 excellentissimo
1237 4215 1288 4267 Du.
1302 4219 1336 4270 ll.

306 4301 429 4352 Grrnsrlio
443 4299 531 4352 fuisset
543 4299 731 4368 depraedicata.
753 4300 871 4368 Cumque
884 4300 949 4352 adeo
961 4303 1176 4368 magnificentiam
1187 4317 1258 4359 tuam
1270 4329 1337 4360 sem-
