2959 5284
400 1139 403 1146 ⁴
443 1155 584 1242 PARS
619 1155 859 1244 ALTERA.

278 1413 326 1458 DE
347 1410 554 1458 LIMBORCHII
576 1411 776 1463 THEODOGIA
799 1413 1019 1464 CHRISTIANA·
1051 1361 1060 1383 Ι
1092 1485 1095 1490 Ι

128 1970 313 2094 Exponam
330 2005 370 2070 de
389 2001 530 2094 Philippi
549 2031 568 2072 a
586 2007 762 2073 Limboroh
780 2006 956 2100 Theologia
974 2009 1162 2096 Christiania

125 2121 172 2184 sic
189 2141 265 2184 vero
283 2141 440 2206 exponam
458 2136 496 2184 ut
513 2124 579 2210 ejus
591 2119 711 2186 indoles
721 2138 882 2210 appareat,
897 2143 1069 2191 cernantur
1083 2151 1166 2218 quae

125 2233 163 2295 in
175 2227 230 2293 itta
240 2227 399 2296 laudanda
409 2247 466 2296 aut
476 2231 634 2320 culpanda
646 2237 788 2314 veniant,
800 2233 1021 2326 intelligantur
1033 2243 1113 2306 ratio
1128 2265 1165 2307 ao

106 2347 328 2434 praestantia.
368 2348 501 2410 Brevem
513 2350 645 2437 'grandis
661 2347 834 2415 voluminis
853 2369 1057 2439 conspectum
1075 2357 1165 2422 exhi-

124 2459 205 2524 bere
229 2475 260 2524 et
284 2459 364 2524 mihi
391 2475 422 2524 et
444 2455 616 2526 lectoribus
637 2485 797 2526 summam
819 2479 939 2528 crearet
966 2465 1163 2548 molestiam,

125 2595 187 2638 neo
204 2570 285 2637 foret
304 2570 402 2672 ullius
423 2574 650 2662 quotaedium
676 2581 933 2664 compensaretur
951 2603 1038 2646 usus.
1086 2582 1164 2648 Ete-

125 2664 197 2750 nim
215 2707 297 2774 quae
316 2684 436 2750 fuerint
449 2686 491 2750 de
510 2686 640 2778 singulis
656 2686 849 2781 Theologiae
866 2689 942 2756 lonis
957 2696 1165 2785 antiquorum

123 2801 422 2865 Remonstrantium
440 2796 556 2886 placita
578 2806 649 2867 satis
669 2819 785 2868 notum
807 2823 853 2870 est
870 2805 1021 2871 omnibus
1038 2811 1095 2896 qui
1113 2833 1164 2873 re·

122 2935 204 2980 rum
220 2913 384 2978 veritatem
403 2937 589 3004 cognoscere
607 2937 704 3003 quam
724 2917 943 3003 praejudicatis
961 2918 1165 3005 opinionibus
1226 2949 1232 2961 ’

122 3027 298 3094 adhaerere
315 3025 488 3108 malunt13
513 3025 653 3116 reliquos
673 3049 740 3092 non
767 3049 886 3093 moror.
935 3029 1054 3114 Quodsi
1075 3032 1164 3098 Lim·

123 3140 278 3206 borohius
296 3141 453 3230 quaedam
476 3139 567 3207 aliter
591 3163 690 3232 quam
708 3140 879 3208 decessores
894 3144 942 3208 sui
963 3159 1026 3210 aut
1041 3169 1163 3212 succes-

162 3427 172 3461 ¹
190 3430 244 3478 Non
262 3430 362 3479 laudare
380 3433 426 3480 hoo
444 3432 542 3482 nomine
560 3446 656 3495 nequeo
669 3430 832 3494 Straussium,
846 3433 892 3482 vir.
913 3434 997 3495 doct,
1011 3435 1053 3498 qui
1073 3436 1103 3486 de
1116 3436 1161 3488 Ar-

122 3524 302 3582 minianorum,
322 3540 383 3588 quos
400 3525 471 3584 dicit,
492 3527 567 3576 sensis
585 3543 616 3577 ex
628 3529 737 3591 ipsorum
749 3529 844 3591 seriptis
856 3524 985 3590 oognorst,
1000 3544 1113 3593 quaeque
1125 3535 1160 3582 ibi

122 3621 217 3682 reperit
237 3635 329 3669 summa
350 3623 493 3684 pierumque
512 3623 652 3686 integritate
673 3625 785 3673 exhibuit
802 3624 828 3672 in
844 3623 907 3672 iibro
925 3637 984 3672 suo:
1007 3626 1045 3671 nie
1063 3624 1158 3674 (inid.

124 3714 324 3772 Gtontemtatre,
344 3729 371 3762 u.
393 3729 414 3762 s.
434 3729 466 3764 w.
497 3717 585 3765 Paucis
600 3724 695 3765 tantum
713 3709 772 3764 lo'eir
788 3715 820 3762 de
836 3714 982 3763 Limborohii
994 3724 1160 3767 caeterorum·

122 3823 173 3873 que
186 3809 283 3871 placitis
299 3811 380 3858 minor
397 3823 456 3858 vere
475 3811 588 3859 retulisse
606 3809 666 3858 mihi
683 3809 790 3857 ridetur.
826 3808 880 3856 Non
893 3816 978 3858 temen
994 3810 1084 3862 ideireo
1095 3814 1160 3876 judi·

122 3892 189 3955 oium
208 3903 273 3964 quod
292 3903 323 3951 de
342 3904 390 3952 iiiia
407 3903 455 3952 iert
472 3904 624 3966 probandum
643 3917 743 3953 censeo.
779 3903 850 3952 liano
866 3904 913 3953 viri
929 3904 996 3953 iliius
1011 3919 1070 3954 sane
1085 3921 1159 3969 quam

124 3989 280 4049 eruditissimi
298 3997 461 4060 integritatem
479 3999 598 4048 laudando
616 4011 648 4046 ne
666 3999 721 4060 quis
740 3998 895 4047 liberalitatis
912 4000 996 4049 nescio
1012 4001 1083 4062 enjus
1100 4015 1159 4065 epe-
1213 4067 1222 4075 ·

122 4095 185 4143 ciem
209 4106 249 4142 me
270 4092 383 4142 macore
402 4094 546 4156 suspicetur.
584 4095 665 4145 Hostis
684 4093 743 4144 mihi
764 4101 803 4142 est
819 4093 968 4153 strenuius,
987 4098 1102 4158 quoniam
1120 4105 1158 4146 est

123 4189 248 4236 Eooieoiao
268 4187 435 4248 Christianam
460 4197 485 4239 at
507 4191 584 4240 virtus
599 4197 625 4240 et
643 4191 668 4237 ia
688 4191 757 4236 hoste
775 4188 911 4247 laudanda,
931 4191 951 4238 si
968 4194 1112 4250 praetorem
1132 4195 1156 4240 in

123 4281 194 4330 eoaiir
212 4293 266 4330 rara
283 4283 427 4332 inveniatur.

989 4376 1009 4437 6
