2959 5284
715 507 759 522 --
784 473 847 533 itt
870 480 922 522 -'

302 649 368 714 fata,
382 667 430 702 nec
442 669 497 704 non
509 663 612 705 autores
623 655 737 723 Papismi
749 663 778 706 ct
788 654 942 707 Calviuisrni
952 655 1189 720 irreconciliabilis,
1202 675 1232 708 ac
1243 659 1290 728 qui
1302 657 1337 708 de

302 762 354 796 non
367 745 492 815 speranda
505 746 714 798 Lutheranorum
725 765 786 798 cum
797 749 940 800 Pontificiis
949 758 977 800 et
985 748 1144 802 Calvinianis
1153 753 1251 804 unione
1259 755 1336 824 scrip·

301 848 404 901 serunt,
419 839 600 904 attendamus,
616 859 672 910 spes
684 859 742 892 mea
754 841 834 894 valde
846 840 973 894 reddatur
985 841 1077 894 dubia.
1098 843 1155 908 Tu,
1169 847 1210 898 vir
1218 865 1333 910 summe,

299 932 359 984 vale
380 934 408 984 in
424 933 550 998 Domino,
569 953 664 1006 meque
680 953 768 988 amore
783 945 832 988 tuo
847 937 959 988 ulterius
976 936 1090 1004 dignare.
1122 937 1288 994 Commendo
1307 952 1335 992 te

300 1029 471 1080 sanctissimae
484 1028 619 1080 Trinitati.
639 1029 719 1080 Vale!

668 1147 848 1200 Nobilissimae
860 1149 1052 1201 Doniiuationis
1062 1159 1125 1201 tuae
1137 1152 1237 1204 observ.
1253 1154 1335 1204 cliens

333 1240 412 1292 Scrib.
426 1243 454 1293 iu
466 1241 606 1294 Academia
803 1244 884 1295 Ernst
895 1245 1017 1296 Salomon
1029 1244 1183 1315 Cyprianus.

298 1337 402 1388 lenensi
414 1335 441 1386 d.
457 1335 545 1388 boot.
564 1339 641 1388 1696.

753 1471 869 1490 -Οοῡ-

797 1622 829 1682 d.
919 1670 924 1678 .

718 1759 782 1824 (Vis.
801 1776 829 1820 p.
849 1758 904 1826 52).

940 1970 1051 2024 London
1070 1977 1104 2040 l}
1123 1973 1188 2043 Apr.
1207 1979 1253 2027 89.

365 2071 413 2124 Vir
431 2070 611 2142 ampliusue,

329 2167 390 2217 Heri
406 2166 480 2232 Regis
497 2174 524 2216 et
540 2165 650 2230 Reginae
666 2162 828 2229 inauguratio
843 2161 897 2213 sive
915 2171 947 2213 ut
963 2160 1056 2212 dicunt
1072 2165 1206 2215 coronatio
1223 2183 1327 2216 summo

292 2279 353 2312 cum
372 2258 510 2330 splendore
530 2267 559 2309 et
570 2259 693 2309 maximo
709 2274 836 2308 concursu
853 2257 999 2326 plausuque
1015 2257 1106 2326 populi
1122 2258 1253 2310 celebrata
1269 2270 1326 2320 est,

291 2354 385 2406 eodem
401 2353 444 2405 dic
460 2363 602 2423 utrumque
618 2353 647 2404 iu
661 2352 749 2404 'Scotia
767 2352 843 2402 istius
859 2352 931 2418 regni
947 2367 1033 2418 regem
1049 2361 1077 2403 et
1092 2352 1208 2419 reginam
1224 2354 1328 2406 solenni

289 2447 369 2500 modo
386 2450 580 2517 promulgatum
587 2449 641 2500 sive
651 2448 693 2498 uti
705 2464 754 2498 nos
765 2446 840 2516 loqui
850 2463 967 2496 amamus
977 2446 1168 2514 proclamatum
1178 2446 1325 2510 credimus,

289 2561 352 2594 nam
369 2543 463 2594 Nostro
480 2543 617 2594 Gulielmo
633 2551 661 2592 et
677 2540 775 2592 Mariae
792 2540 887 2591 solium
898 2539 972 2590 istud
982 2549 1044 2590 ante
1055 2541 1157 2610 aliquot
1168 2538 1225 2592 dies
1234 2539 1269 2590 ab
1281 2559 1326 2592 or-

290 2637 396 2688 dinibus
409 2639 483 2688 istius
495 2637 566 2703 regni
576 2635 740 2702 designatum
749 2643 777 2686 et
785 2634 922 2686 decrmum
929 2632 1007 2684 fuisse
1015 2632 1145 2702 expeditis
1154 2635 1254 2686 nuntiis
1263 2652 1324 2688 con·

289 2741 349 2783 stat.
364 2732 495 2782 Burnetus
505 2732 559 2798 jam
570 2727 711 2798 Episcopus
722 2728 914 2779 salisburiensis
923 2729 953 2779 in
964 2727 1088 2780 hesterna
1098 2729 1257 2782 solennitate
1266 2749 1327 2784 suas

289 2824 381 2877 babuit
397 2833 491 2895 partes.
518 2823 692 2877 Concionatus
708 2833 749 2874 est
764 2841 852 2875 coram
862 2840 921 2890 rege
932 2831 961 2874 et
972 2823 1060 2890 regina
1070 2833 1099 2874 et
1109 2825 1148 2874 ita
1159 2825 1327 2878 concionatus

162 2943 166 2952 ¹
250 2913 252 2918 ’
289 2931 329 2973 est
343 2930 375 2972 ut
394 2937 483 2972 omnes
500 2919 624 2985 laudent;
638 2919 683 2970 edi
695 2920 846 2971 concionem
857 2935 912 2970 nou
923 2917 1032 2982 dubito,
1046 2919 1179 2988 exemplar
1191 2923 1327 2991 quampri-

288 3033 363 3066 mum
375 3015 533 3066 occasionem
544 3023 636 3066 nactus
648 3013 721 3064 sareio
732 3011 768 3064 ad
781 3030 829 3066 vos
839 3014 955 3064 mittam.
974 3013 1046 3064 llaec
1055 3012 1128 3078 beri;
1143 3013 1222 3066 hodie
1233 3017 1326 3082 gratis-

289 3110 368 3160 simae
384 3117 445 3159 tuae
462 3107 582 3159 redditae
594 3118 657 3160 sunt
669 3108 775 3170 literae,
788 3107 861 3159 unde
874 3116 1028 3160 renovatum
1038 3106 1180 3175 gaudium
1193 3127 1243 3161 nec
1252 3111 1325 3162 enim

288 3203 317 3254 in
329 3202 431 3272 privata
440 3219 468 3254 re
480 3200 583 3272 aliquid
595 3199 734 3270 jucundius
746 3200 824 3254 credo
835 3219 890 3254 esse
901 3219 981 3272 quam
988 3219 1055 3272 quos
1063 3204 1181 3256 maxime·
1189 3205 1253 3256 velis
1261 3204 1325 3256 ami-

289 3315 332 3349 cos
342 3298 498 3350 benevalere
510 3295 581 3348 etde
594 3307 621 3348 te
633 3297 701 3348 bene
712 3297 810 3348 sentire
822 3297 959 3348 certiorem
969 3297 1036 3347 fieri.
1055 3296 1252 3364 Gratulationcs
1264 3317 1324 3350 ves-
1344 3283 1347 3288 Ι

289 3401 341 3442 tras
357 3393 451 3442 amoris
461 3401 489 3443 et
500 3392 698 3445 benevolentiae
710 3392 801 3461 plenas
811 3409 843 3443 eo
854 3407 908 3461 quo
920 3390 1004 3444 debeo
1016 3392 1103 3446 animo
1113 3393 1223 3462 accipio,
1237 3402 1323 3446 tanto·

289 3503 340 3556 que
357 3484 464 3536 hilarius
479 3473 659 3554 ‘praesentibus
678 3495 706 3537 et
722 3485 871 3538 domesticis
881 3494 942 3538 utor
953 3487 1043 3538 amicis
1053 3484 1126 3556 quod
1139 3497 1194 3538 tarn
1205 3486 1324 3540 faventes

228 3637 238 3660 ·
289 3578 373 3631 babeo
384 3579 503 3632 absentes
514 3590 542 3632 et
554 3581 698 3650 peregrinos
710 3581 802 3631 multis
813 3579 1044 3634 nominibusmibi
1055 3598 1110 3632 non
1122 3582 1209 3636 minus
1221 3580 1321 3634 charos.

289 3676 327 3728 De
341 3676 480 3728 tolerantia
496 3673 567 3744 apud
583 3692 631 3726 nos
647 3672 804 3728 stabilienda
820 3691 875 3727 uon
891 3690 994 3743 prorsus
1010 3673 1119 3744 despero
1135 3676 1238 3728 etiamsi
1250 3677 1323 3729 lente

288 3769 433 3823 admodum
443 3770 567 3840 procedat
578 3781 606 3823 et
618 3770 652 3823 de
664 3771 814 3840 praesulum
822 3770 924 3837 ingenio
936 3779 1005 3824 recte
1015 3769 1124 3838 judicas3
1135 3788 1209 3840 spero
1218 3781 1319 3824 tamen.

288 3866 373 3918 liodie
384 3867 530 3918 ilumetum
542 3865 613 3932 vidi3
627 3866 683 3918 disi
696 3877 722 3918 te
734 3884 824 3936 parare
835 3866 925 3918 literas
934 3866 1118 3934 gratulatorias
1127 3869 1323 3937 quamprimum

288 3974 388 4016 certum
399 3961 450 4014 tihi
462 3961 528 4014 soret
539 3963 619 4014 illum
630 3962 715 4034 paedo
727 3963 874 4033 Episcopali
886 3962 1028 4029 donatum
1039 3972 1129 4031 gratus
1138 3966 1264 4017 nuntium
1272 3964 1323 4016 boc

287 4060 393 4127 accepit.
425 4059 495 4110 Secti
515 4059 691 4112 Hieramhiam
707 4059 888 4130 Episcopalem
904 4069 959 4111 tam
974 4060 1067 4112 acriter
1078 4070 1230 4112 aversantur
1240 4077 1322 4130 qimm

287 4171 334 4205 nos
346 4153 531 4224 amplexamur,
546 4165 575 4206 et
582 4155 611 4206 in
623 4155 802 4223 gravaminum
813 4156 928 4221 catalogo
940 4155 1036 4223 primas
1046 4155 1072 4214 ei
1081 4151 1223 4207 dederunt.
1243 4152 1322 4204 Tem·

287 4257 406 4318 peratum
424 4249 525 4320 aliquid
544 4268 577 4304 ex
594 4249 792 4303 adversantibus
808 4249 931 4300 extremis
943 4257 1035 4317 optant
1047 4266 1138 4303 omnes
1149 4249 1214 4302 boni
1224 4249 1320 4319 quibus
