2959 5284
578 469 756 531 ...85-

151 643 270 712 luserat
288 650 431 714 loannes
447 649 670 738 Damascenus)
692 651 747 715 vix
766 649 853 733 ullo,
875 668 932 718 aut
953 651 1045 718 nulla
1066 654 1184 741 potius,

150 759 296 826 suerunt,
321 759 428 826 Facile
450 760 638 853 intell'mitur
662 766 824 852 quiantum
839 761 1014 854 Evangelio
1035 763 1112 829 addi
1129 765 1187 829 de-

148 869 279 956 buerit,
297 888 456 963 quantum
469 875 512 940 'de
528 899 566 940 eo
578 874 721 960 detrahi,
736 891 898 966 quantum
912 876 948 940 in
959 877 1186 959 eoimmutori,

148 998 192 1048 ut
213 981 278 1048 tale
306 1009 344 1050 ex
373 984 429 1052 illo
460 985 548 1052 lieret
570 1005 704 1078 systema
727 985 1183 1054 Aristotelioo-Selmlnsticnm»

148 1095 219 1160 Nec
238 1097 357 1162 mirum
379 1116 424 1164 est
442 1117 563 1164 rectam
584 1099 670 1166 Sacri
687 1100 813 1166 Codicis
833 1100 1186 1188 interpretationemah

147 1205 213 1274 illis
234 1209 405 1301 Theologis
430 1228 487 1277 aut
505 1213 683 1300 ignoratam
703 1211 798 1279 fuisse
821 1229 883 1278 aut·
897 1236 1013 1299 parum
1029 1231 1184 1279 curatam-s

147 1319 239 1398 Imo,
264 1337 330 1386 tam
345 1340 493 1411 apertum
512 1339 580 1390 erat
600 1321 741 1412 plurima
758 1324 803 1390 ab
819 1322 958 1390 Ecclesia
979 1324 1084 1390 doceri
1105 1329 1186 1390 etin

147 1433 360 1526 Theologiam
387 1453 509 1524 recepta
534 1459 597 1500 esse
618 1437 799 1527 dequibus
816 1462 857 1502 ne
877 1435 983 1502 hilum
1000 1437 1133 1526 quidem
1151 1438 1185 1501 in
1232 1441 1238 1453 '

147 1545 245 1612 Sacro
276 1547 404 1613 Codice*
420 1541 580 1640 legeretur
589 1600 601 1633 ,
631 1566 669 1614 ut
696 1551 899 1616 traditionem
918 1549 1133 1638 Apostolicam
1151 1551 1186 1614 in

145 1659 304 1725 auxilium
322 1685 432 1728 vocare
450 1664 664 1728 necessarium·
676 1661 783 1728 fuerit.
809 1664 904 1746 Quod
920 1662 1187 1729 meritofedssent

146 1773 293 1838 homines
310 1775 334 1837 si
356 1797 464 1840 renem
478 1773 665 1862 -Apestolica
683 1773 807 1855 fuisset,
823 1777 888 1840 siue
898 1778 1186 1863 emmscnptosive

145 1889 213 1950 ore
224 1885 398 1951 traditand
414 1903 553 1974 posteros
567 1889 769 1974 pervenisset,
784 1888 880 1952 modo
894 1889 1014 1952 sincera
1026 1905 1122 1978 atque
1136 1891 1187 1952 in*

145 2015 297 2086 corrupta
315 2001 488 2082 mansisset,
506 2023 622 2088 parum
642 1997 789 2064 referret..
807 1998 854 2064 At
875 2023 951 2064 vero
967 1999 1132 2082 ficta2suit,
1148 2017 1186 2066 ut

149 2113 241 2201 quod
268 2113 303 2176 in
334 2114 463 2200 scriptis
479 2111 667 2200 Apostolicis
692 2112 904 2180 desiderarent
919 2111 1138 2180 chelesiastici
1154 2129 1186 2179 et

150 2221 308 2314 Theolcgi
331 2223 460 2306 aliunde
482 2249 557 2290 cum
579 2229 765 2292 auctoritate
781 2227 842 2291 sibi
858 2217 1025 2314 peterent..
1053 2229 1106 2292 De
1120 2228 1185 2292 Re-

148 2335 396 2416 formatorihue,
410 2372 413 2380 ·
426 2337 483 2426 qui
503 2337 676 2418 dicuntur,
705 2339 739 2403 in
763 2337 900 2427 Pmlogo
924 2336 1023 2402 fusius
1043 2341 1183 2429 egimus,

149 2475 190 2514 ac
212 2451 375 2540 quomodo
393 2467 572 2516 commenta
591 2449 647 2516 illa
673 2454 823 2542 magnam
843 2467 966 2540 panem
983 2453 1075 2516 missa
1102 2452 1185 2516 fece-

148 2564 232 2646 rint,
257 2580 288 2628 et
304 2563 400 2630 Sacro
413 2564 464 2628 N..
481 2563 521 2629 F.
543 2565 664 2647 ecdici,
688 2565 710 2628 i.
732 2587 760 2629 e.
778 2577 924 2629 verne-et
943 2565 1101 2653 genuinae
1119 2581 1185 2630 tra,

147 2675 262 2742 ditioni
290 2658 507 2763 Apostolicae,
533 2675 679 2742 debitum
702 2676 859 2742 honorem
885 2677 1094 2760 vindicarint,
1127 2701 1185 2742 ne·

145 2811 211 2877 que
237 2804 347 2852 umen
362 2785 464 2852 nulla
491 2811 529 2852 ex
557 2787 716 2878 theologie
744 2787 801 2852 illa
826 2788 1185 2856 Petrinum-Aristotelis

145 2896 391 2966 m-Scliolastiea
409 2900 603 2987 receperint,
624 2922 683 2986 pro
703 2897 1073 2985 virihns'enpliuuimus..
1090 2901 1183 2964 Nan

144 3013 286 3078 ravimus
316 3033 448 3102 quoque
474 3019 693 3100 novemssmox
717 3010 888 3078 suhmom
906 3035 969 3081 esee
991 3010 1184 3102 theologiam

145 3127 402 3209 Scholasticem,
418 3129 590 3218 antiquiori
610 3125 658 3192 illi
681 3151 717 3193 eo
738 3129 922 3215 praesertim
940 3129 1071 3193 nomine
1093 3144 1183 3207 ante:

145 3241 314 3308 callentem
331 3242 420 3331 quod
434 3244 559 3330 parcius
572 3242 759 3306 commentis
771 3241 920 3305 humanis
935 3256 967 3302 et
981 3239 1182 3304 additamen-

146 3356 186 3419 tis
201 3355 242 3420 ad
256 3353 343 3420 Sacri
351 3353 475 3420 Codicis
488 3354 665 3418 doctrinam
675 3351 873 3442 indulgeres,
885 3375 1083 3442 quemquam
1093 3376 1183 3418 suam

145 3468 242 3532 etiam
258 3465 422 3534 habehant
440 3467 643 3554 traditionem
661 3463 805 3557 theologi
818 3462 872 3531 illi·
883 3489 952 3532 non
968 3465 1011 3531 ah
1021 3464 1182 3554 Apostolis

145 3580 201 3646 sed
226 3605 245 3644 a
267 3579 539 3646 Reformatoribus
563 3581 729 3668 repetitam
740 3629 755 3662 ,.
766 3603 873 3667 neque
886 3603 940 3644 ore
954 3578 1103 3643 traditam
1126 3579 1181 3648 sed

146 3691 268 3779 scriptis
285 3691 485 3783 symbolicis,
502 3707 553 3774 et,
575 3692 664 3781 quod
688 3693 895 3778 praecipuum
914 3686 975 3752 fuit
993 3689 1179 3769 discrimen,

147 3826 247 3895 quam
271 3801 319 3868 illi
346 3805 404 3892 ipsi
421 3807 479 3896 qui
501 3799 723 3890 complurimi
744 3798 900 3864 faciehant
919 3798 1138 3865 induebantur
1152 3803 1185 3870 ᾗ,
1215 3846 1219 3854 -

147 3988 247 4039 Archiei
266 4001 326 4037 root·
345 3987 438 4037 kerlel.
461 3986 549 4036 Gesch.
573 3983 636 4032 tvde
654 3985 683 4031 Ι).
703 3982 789 4031 blada..
805 3982 838 4029 Μ
858 3993 946 4036 ωτι,
959 3993 1030 4042 quae·
1041 3980 1179 4031 dissertatio

148 4086 290 4134 Germanico
300 4083 388 4146 prodiit
402 4082 443 4131 in:
458 4083 558 4142 lllgcn's
567 4079 686 4128 zeitschr.
695 4075 785 4126 iiirdie
795 4075 854 4124 hist.
863 4075 948 4125 Theoi.
963 4077 991 4133 5,
1004 4076 1031 4134 2,
1042 4075 1066 4124 S.
1081 4078 1176 4127 t-st.

183 4177 192 4210 ¹
211 4180 386 4237 Quenstedtus,
407 4179 430 4226 in
455 4175 557 4240 praefat.
579 4175 611 4224 ad
629 4187 670 4238 op.
688 4172 773 4220 laudet
788 4171 879 4228 mihil,
894 4171 984 4232 inquit,
998 4171 1029 4219 dc
1041 4172 1177 4220 divinisree

149 4276 193 4322 bus
210 4277 366 4324 asserendum
385 4276 431 4323 nisi
450 4273 554 4334 qttodin
573 4269 702 4332 scripturis
720 4261 892 4323 luxuriaeue
911 4268 1080 4328 expressum.''
1172 4295 1176 4302 ·
