2959 5284
719 442 895 508 ..40-

290 655 422 720 scopum
438 631 714 713 Cantuariensem,
728 629 909 695 Kidderum
924 627 1120 716 Episcopum
1129 625 1325 692 Bathonien-

290 767 356 808 sem
374 760 406 807 et
432 741 645 825 Wellensem,
676 740 772 825 alios,
803 741 1008 809 Limborchio
1035 741 1180 827 inprimis
1205 740 1326 804 amicus

290 854 351 920 iirit
370 857 509 944 optimus
531 871 562 920 et
585 855 781 920 doctissimus
800 853 966 920 Gilbertus
982 853 1180 918 Burnetus1.
1205 852 1327 919 Virtmr

290 966 396 1050 illum,
413 991 488 1032 cum
509 984 623 1033 natura
643 968 716 1032 satis
733 965 873 1032 liberalis
892 983 968 1032 esset
992 982 1025 1030 et
1043 966 1141 1048 mitis,
1155 965 1200 1029 ita
1217 981 1325 1030 tamen

290 1097 485 1168 exasperant
505 1078 685 1144 multorum
701 1081 736 1144 in
746 1074 864 1169 Anglia
879 1080 1022 1166 impietas
1038 1094 1072 1142 et
1088 1078 1123 1142 in
1141 1075 1327 1167 religionem

290 1163 501 1258 Christianam
522 1190 696 1280 pestilentia
710 1208 749 1256 ut
767 1215 852 1256 anno
865 1192 953 1258 1698
973 1190 1097 1256 fortiter
1116 1191 1262 1256 suaderet
1277 1189 1326 1255 le-

290 1328 385 1395 gem,
419 1329 484 1395 qua
510 1303 699 1372 muneribus
730 1302 869 1392 publicis
897 1302 1143 1370 excluderentur
1172 1305 1263 1390 imPii
1293 1319 1327 1368 et

289 1416 488 1506 blasphemi,
504 1418 538 1482 in
554 1418 603 1483 his
620 1433 728 1482 autem
744 1433 946 1482 censerentur
958 1419 1155 1507 quicumque
1173 1433 1327 1508 negarent

290 1527 393 1593 ullam
410 1554 577 1618 personam
599 1530 709 1596 Sacrae
730 1531 855 1594 Triadis
880 1554 943 1596 esse
961 1530 1077 1594 Deum.
1102 1530 1327 1596 Iimborcbius

291 1639 381 1706 illam
401 1642 615 1730 improbabat,
631 1667 736 1734 neque
752 1641 870 1708 Locldo
888 1667 960 1707 eam
975 1641 1127 1730 placuisse
1144 1667 1183 1708 ex
1194 1643 1326 1732 epistola

290 1758 332 1822 ad
349 1757 592 1824 Limborchium
613 1760 729 1824 inedita
753 1757 834 1822 mihi
852 1759 1010 1846 apparant.
1042 1759 1155 1847 ltaque
1171 1759 1213 1824 ad
1231 1759 1326 1847 Epis-

290 1893 407 1956 copum
428 1868 697 1936 Salisburiensem·
713 1872 835 1958 scripsit
857 1870 1149 1936 demonstrantium
1171 1869 1326 1960 professor

289 2000 327 2046 ut
347 1984 389 2049 ad
409 1981 562 2048 leniorem
578 2001 719 2049 mentem
736 1983 831 2048 illum
846 2000 1017 2048 revocaret.
1047 1985 1221 2072 Respondit
1243 1987 1326 2050 Bur-

289 2111 383 2159 netus
400 2095 489 2160 hunc
512 2094 617 2162 solum
639 2120 701 2160 esse
724 2095 802 2185 legis
823 2093 910 2160 illius
928 2094 1027 2163 linem
1052 2112 1090 2160 ut
1112 2095 1259 2163 fraenum
1284 2097 1326 2161 li-

289 2209 409 2273 centiae
431 2209 603 2295 impiorum
618 2209 854 2290 immitteretur,
869 2232 910 2274 ne
923 2208 1035 2296 palum
1050 2198 1254 2296 blasphemiis
1263 2212 1328 2274 suis

289 2322 323 2384 in
350 2318 534 2411 religionem
565 2320 853 2402 debaccharentur,
883 2338 1042 2386 metarum
1066 2347 1102 2386 ea
1136 2324 1176 2388 de
1201 2323 1262 2388 hac
1291 2347 1327 2387 re

288 2435 441 2524 scripsisse
464 2434 707 2500 Limborchium
725 2458 809 2523 quae
827 2431 884 2498 illo
902 2434 998 2529 digna
1022 2452 1133 2500 essent.

333 2547 418 2612 Cum
427 2545 598 2636 Theologis
616 2546 748 2635 quidem
758 2545 951 2612 nostratibus
963 2563 1086 2634 praeter
1097 2549 1327 2614 Remonstran·

292 2676 336 2724 tes
349 2659 489 2722 amicum
502 2659 728 2722 commercium
742 2655 860 2721 habere
872 2681 940 2723 non
954 2661 1059 2747 potuit
1069 2660 1325 2743 Limborchius2,

326 2843 335 2876 ¹
354 2847 433 2908 liujus
451 2863 482 2896 ex
500 2849 583 2897 multis
601 2849 661 2897 duas
680 2852 795 2913 epistolas
813 2853 905 2916 publici
921 2854 983 2916 juris
1001 2853 1048 2903 ieci
1067 2855 1092 2902 io
1111 2855 1221 2918 Appeud.
1235 2857 1264 2903 lt.
1278 2857 1306 2905 2.

325 2939 336 2971 ¹
357 2943 391 2990 lle
409 2943 460 2990 solo
479 2943 621 2992 Balthazaro
639 2945 751 2994 Beklero
768 2951 817 2996 tale
840 2948 899 3008 quid
918 2947 976 2997 mihi
993 2949 1116 3011 apparuit.
1150 2951 1217 2997 llaec
1234 2950 1265 2998 de
1283 2951 1326 3001 illo

290 3037 370 3099 deque
389 3037 443 3098 ejus
460 3037 523 3085 libro
543 3040 571 3085 de
586 3039 707 3087 letooerde
723 3043 818 3089 medat
832 3041 862 3088 ad
880 3039 943 3089 Phil.
958 3043 1026 3090 Hier.
1040 3044 1165 3101 Andreae,
1179 3057 1242 3093 anno
1256 3047 1325 3095 1695

288 3131 341 3179 iere
359 3131 459 3192 elapso,
479 3132 563 3180 retulit
581 3132 763 3182 Limborchius:
784 3137 874 3184 »credo
891 3151 938 3198 epo
956 3151 1013 3185 eum
1032 3139 1154 3187 homiuem
1172 3153 1226 3190 esse
1241 3141 1324 3202 pium,

289 3225 434 3284 candidum,
456 3228 603 3288 ingenuum,
622 3230 776 3278 moderatum
794 3239 820 3280 et
836 3232 974 3280 eruditum:
993 3233 1068 3282 talem
1085 3247 1132 3295 ego
1144 3236 1239 3283 eumin
1250 3238 1325 3286 collo·

289 3323 351 3384 quiis
369 3330 484 3383 expertus
503 3338 566 3372 sum.
605 3323 730 3386 Proposito
748 3327 788 3388 pio
807 3328 873 3376 huuc
890 3327 980 3377 librum
1002 3328 1172 3390 conscripsisse
1191 3331 1278 3390 eredo,
1298 3340 1326 3381 ut

291 3430 445 3477 summopere
463 3418 536 3464 noxio
555 3419 646 3475 errori,
666 3421 708 3479 qui
727 3422 900 3484 plerorumque
917 3424 1013 3471 animos
1024 3427 1145 3487 pervasit,
1159 3428 1255 3476 obvium
1267 3429 1325 3487 iret,

289 3526 339 3573 quo
357 3511 438 3559 omnia
457 3524 519 3571 quae
531 3513 684 3560 committunt
695 3523 798 3575 peccata
808 3517 905 3564 diabolo
916 3519 996 3566 autori
1008 3520 1147 3569 adscribere
1158 3522 1245 3570 solent.
1276 3522 1326 3572 Sed

289 3607 321 3656 ab
338 3621 388 3656 uno
407 3614 516 3656 extremo
534 3607 559 3654 in
578 3605 644 3654 aliud
662 3607 776 3669 delapsus
793 3611 860 3657 est.”
888 3611 1017 3661 Caeterum
1033 3617 1188 3677 hacquoque
1199 3617 1325 3665 occasione

289 3703 394 3752 referam
409 3717 449 3751 me
466 3712 507 3752 aut
517 3701 567 3752 ialli
578 3709 621 3752 aut
631 3703 751 3765 reperisse
762 3704 896 3766 fragmenta
906 3706 1032 3756 literarum
1044 3710 1183 3760 commercii
1194 3713 1326 3773 quodcum

289 3797 484 3857 Bredsnhurgio,
511 3797 629 3860 Spinozae
652 3799 808 3860 adversario,
827 3802 858 3850 ‹le
876 3802 968 3865 duplici
985 3805 1011 3850 in
1027 3805 1078 3853 lleo
1094 3806 1221 3854 voluntate
1239 3808 1327 3856 habnt

289 3892 467 3942 bimborebius.
496 3891 526 3938 ln
544 3892 623 3942 literis
640 3894 671 3942 ad
689 3895 721 3944 Η.
741 3896 852 3955 liorom,
871 3910 936 3946 auno
956 3899 1025 3946 1681
1043 3900 1121 3959 datis,
1138 3901 1215 3951 reiert
1224 3903 1325 3954 illudas

289 3989 364 4036 inscio
382 3987 444 4049 typis
461 3986 585 4048 vulgatum
604 4003 672 4047 esse,
692 4003 768 4052 seque
788 4000 917 4054 propterea
937 3994 1020 4044 libello
1039 4008 1158 4058 anonymo
1174 3997 1325 4048 calumniose

289 4095 343 4130 esse
361 4081 508 4129 traductum.
538 4081 590 4138 Qua
608 4083 638 4131 de
656 4099 683 4133 re
701 4099 758 4133 cum
776 4087 871 4135 nullum
890 4089 956 4136 aliud
975 4089 1103 4149 vestigium
1122 4092 1256 4140 invenerim
1270 4107 1324 4153 gra·

288 4175 408 4226 tissimum
426 4176 484 4224 milti
503 4175 550 4224 erit
568 4177 588 4224 si
607 4178 662 4238 quis
680 4180 773 4240 aliquid
791 4181 822 4229 de
837 4182 880 4230 illa
891 4189 1043 4243 compertum
1052 4185 1144 4234 lrabeat
1155 4188 1263 4248 velitque
1272 4199 1324 4234 me·

289 4285 344 4320 cum
363 4271 551 4321 communicare.
580 4273 677 4322 lubens
694 4276 800 4324 vicissim
818 4290 929 4325 meorum
948 4276 982 4324 illi
1000 4279 1094 4340 copiam
1113 4279 1221 4330 iacturus
1238 4295 1303 4330 sum.
