2959 5284
731 471 887 534 —6-

282 651 478 740 Philosophi.
505 650 649 740 Antiqua
663 649 779 739 placita
793 677 850 718 suo
868 676 963 718 more·
976 654 1138 743 modoque
1159 652 1317 741 explicaro

282 781 472 853 coeperunt,
496 762 733 830 definitionibus
760 781 791 828 et
812 768 1007 830 coumtariir
1028 789 1162 856 augere,-
1187 768 1317 855 spinosis

282 897 313 944 et
334 879 519 960 casuisticis,
543 901 622 968 quas
641 877 773 959 dicunt,
797 876 1052 966 quaeatiunculis·
1064 878 1232 944 adornare.
1277 879 1316 944 ln

258 1053 260 1059 .
282 993 399 1060 talibus
423 995 568 1082 occupati
588 1015 717 1082 operam
740 990 836 1058 valde
855 991 968 1058 utilem
997 992 1236 1080 praestatori&
1258 994 1317 1058 vigi
1456 996 1462 1003 .

281 1126 366 1174 sunt.
405 1108 632 1173 Praestiterunt
649 1129 743 1188 vero,
759 1104 871 1184 fateor,
887 1129 954 1170 non
964 1103 1060 1192 plane
1074 1103 1242 1184 inutilem,
1257 1105 1317 1170 ba-

281 1220 336 1286 bet
352 1221 439 1286 enim
466 1239 561 1285 suum
585 1220 721 1308 quisque
742 1241 830 1282 error
850 1241 958 1282 urum.
1004 1215 1190 1286 Boterdum
1209 1234 1316 1300 tamn

281 1349 325 1399 eet
347 1333 489 1399 homines
502 1355 587 1409 ¹sanc
609 1348 767 1420 perquam
787 1329 896 1395 doctos
915 1346 949 1393 ct
963 1345 1074 1396 amtor
1091 1346 1180 1394 tauta
1198 1331 1316 1419 ingenii

280 1451 311 1511 vi
340 1447 564 1536 doctrinaeque
585 1446 675 1534 copia
692 1458 767 1510 uon
792 1444 833 1508 ad
851 1445 970 1509 maiora
991 1466 1065 1510 uma
1083 1466 1158 1508 coac.
1205 1443 1316 1534 Negti*

280 1559 438 1650 gebantur
463 1561 570 1647 praxis
590 1556 966 1646 Effleerqueistudium,
997 1573 1068 1622 tum
1084 1560 1214 1644 propter
1235 1557 1316 1647 dog-

281 1689 364 1737 mata
384 1673 559 1762 quaedam,
583 1691 665 1760 quae
684 1687 775 1735 aetas·
787 1668 843 1734 illa
863 1671 907 1734 ita
926 1671 967 1734 in·
981 1668 1102 1736 deliciis
1116 1669 1257 1736 habebat
1272 1672 1317 1734 'ut

280 1789 314 1850 in
339 1807 451 1850 eorum
481 1786 615 1876 gratiam
644 1799 764 1848 caetera
797 1785 904 1848 omnia
939 1783 1202 1872 parvipenderet,
1239 1800 1318 1848 tum

281 1902 463 1986 praesertim
480 1893 634 1989 quoniam
652 1899 710 1962 toti
739 1899 774 1962 in
798 1898 1017 1962 controuersiis
1041 1913 1132 1963 erant
1156 1896 1312 1961 homines.

281 2015 364 2076 Tam
385 2001 499 2078 acriter
520 2010 727 2100 disputabant
741 2009 782 2075 de
800 2011 838 2074 iis
859 2010 1043 2099 quae-Deus
1062 2007 1162 2074 latere
1180 2032 1240 2076 nos
1256 2033 1315 2074 ro-

280 2125 341 2190 luit
360 2141 397 2188 ut
416 2145 528 2188 eorum
551 2117 635 2212 quae
653 2123 747 2188 nobie
769 2120 922 2186 revelavit
941 2120 1214 2188 obliviscerentur.
1248 2122 1316 2186 Ex-

280 2236 406 2305 aulabat
428 2239 556 2318 caritas3'
589 2235 774 2300 concordiae
800 2232 957 2300 formulae
981 2233 1082 2300 nome
1104 2256 1229 2324 semper
1244 2235 1317 2300 dia·

262 2335 405 2416 cordiae
425 2366 533 2416 ansam
553 2347 684 2414 dabant.
733 2348 903 2414 Redieront
920 2345 1314 2438 tyranno‘boelesiuticn,

282 2465 443 2554 inquisitio
464 2461 606 2542 deiide,
631 2459 842 2526 anathemata.
878 2461 991 2550 Neque
1010 2450 1196 2529 scholantm
1212 2465 1316 2548 parie-

281 2577 367 2642 tibus
387 2591 486 2664 pestes
510 2573 585 2639 illae
611 2574 858 2641 continebantur
882 2574 939 2638 aed
958 2571 1040 2638 foras
1057 2595 1236 2664 propreuae
1256 2595 1316 2661 po-

281 2687 397 2776 pulum
424 2709 555 2778 quoque
580 2686 786 2753 invadebant.
844 2685 946 2776 Atqui
974 2688 1239 2770 Protee'tantiemi,
1267 2689 1316 2752 uti

281 2803 376 2891 ipsiirs
396 2801 642 2885 Christianismi,
668 2823 702 2864 ea
721 2817 769 2864 est
790 2792 885 2866 tatio*
899 2817 937 2866 ut
965 2801 999 2864 in
1029 2819 1094 2864 sero
1112 2802 1179 2881 viru
1199 2799 1316 2864 babeat

280 2938 403 3005 semper
419 2915 664 3002 emendatricem
684 2915 743 2980 sui.
777 2915 977 2986 Eastiteruut
993 2935 1070 2978 curn
1088 2911 1167 2978 alibi
1189 2929 1261 2978 trun
1281 2914 1316 2978 in

280 3030 381 3115 petria
398 3043 506 3092 nostra
519 3027 579 3092 viri
589 3029 684 3101 variis
696 3025 827 3092 dotibus
839 3028 976 3117 irrsigneo
988 3029 1046 3115 qui
1061 3020 1316 3091 Reformatorum

281 3141 409 3230 vestigia
441 3155 622 3228 premerent
650 3159 796 3228 opusque
829 3138 1016 3204 inchoatum
1044 3155 1181 3217 ‚aucune
1194 3189 1198 3196 .
1211 3158 1317 3226 perae·

281 3270 468 3342 querentur.
527 3252 612 3318 Cum
642 3252 693 3317 his
721 3252 868 3317 censendi
892 3268 968 3316 sunt
993 3250 1041 3321 illi
1061 3254 1120 3340 qui
1146 3252 1260 3339 praxin
1284 3267 1317 3314 et

281 3368 394 3457 gnosiu
422 3369 457 3432 in
476 3364 616 3446 Ecclesia
632 3364 813 3430 reomau
830 3363 973 3429 liberiori
990 3365 1112 3428 ratione
1130 3362 1314 3446 informare,

280 3479 484 3569 antesignano
516 3479 654 3568 maxime
685 3477 851 3561 Arminio,
874 3478 1093 3562 conabantur,
1118 3496 1157 3544 et·
1170 3480 1318 3566 deinceps

281 3615 320 3656 ex
346 3593 411 3680 ipsa
441 3611 526 3680 quoe
546 3590 621 3654 inde
644 3606 712 3654 orta
736 3607 782 3654 est
804 3589 838 3654 in
855 3588 916 3655 bac
934 3589 1075 3657 Fcclesia
1097 3591 1152 3656 lite
1175 3592 1315 3656 liemon—

280 3720 412 3768 strantes
432 3705 526 3784 dieti,
550 3701 641 3793 iuxta
655 3702 820 3791 publicam
835 3702 1028 3788 Eonletiam,
1042 3729 1109 3795 qua
1122 3704 1205 3793 pubi
1219 3721 1314 3787 utut,

280 3839 370 3882 suam
388 3817 632 3882 constituerunt.
679 3818 854 3883 invidiosae
870 3835 966 3902 eunt,
990 3821 1070 3898 scio,
1095 3819 1216 3886 horum
1230 3819 1316 3882 viro-

280 3951 355 3995 rom
383 3927 513 4010 laudes,
543 3945 639 4018 atquc
669 3932 789 3996 etiamsi
817 3952 884 3997 non
911 3948 1033 4012 esseut,
1057 3948 1253 4014 memnon,
1276 3955 1315 3994 ex

280 4042 421 4130 iptorum
439 4039 557 4105 familia
580 4045 750 4124 juvenem,
773 4067 889 4130 parurn
909 4045 1032 4110 deceret
1049 4042 1131 4128 illas¹
1142 4042 1312 4119 celebrare.

280 4154 393 4242 Neque
409 4152 614 4220 meaelaudes
627 4153 759 4245 alicujus
769 4173 845 4221 sunt
859 4158 1025 4241 momenti,
1039 4159 1089 4222 uti
1104 4137 1163 4222 nec
1178 4155 1315 4223 aliorum

280 4264 505 4351 contumeliae,
531 4265 641 4334 laudat
650 4268 796 4336 homiues
815 4270 1020 4359 humanaque
1040 4271 1147 4336 omnia
1166 4269 1314 4357 culpatre

1404 1749 1408 1754 ,
