2959 5284
573 531 748 594 ...97-

144 737 224 785 tema
242 719 513 809 contorquebatur
532 716 643 782 Sacrae
656 713 837 803 Scripturae
856 719 1071 806 interpretatio
1081 736 1179 810 atque

143 836 288 900 universa
318 831 427 922 religio
455 831 649 908 Christiana,
688 853 770 919 quae
795 853 860 918 qua
887 832 926 894 sit
951 833 1071 924 origine
1103 850 1178 898 nata

140 946 204 1010 hoc
221 947 427 1011 certissimum
442 945 673 1010 documentum
692 941 812 1007 dedisse
829 943 910 1007 mihi
931 944 1057 1010 videtur
1073 946 1175 1034 quod,

140 1083 216 1125 eum
236 1059 278 1123 ah
298 1057 482 1125 hominibus
500 1073 567 1120 tam
584 1053 668 1120 male
684 1053 781 1120 luerit
797 1055 921 1140 lmhita,
941 1058 1049 1123 divina
1065 1075 1174 1124 minen

141 1169 247 1236 indole
265 1187 296 1236 et
316 1171 506 1260 praestantia
522 1193 564 1233 ne
585 1169 627 1232 sic
647 1169 780 1256 quidem
796 1169 928 1256 spoliata
949 1171 999 1235 eit.
1032 1170 1176 1238 Evolva-

141 1299 194 1348 tur
212 1284 310 1348 modo
337 1299 471 1372 systema
497 1278 581 1344 illud
607 1279 812 1363 Quenstedti,
840 1281 898 1370 qui
926 1283 961 1344 in
984 1282 1176 1370 praefatione

139 1412 226 1460 vetat
248 1393 394 1484 »aliquid
413 1393 454 1458 de
469 1391 583 1457 divinis
604 1391 699 1456 rebus
719 1393 811 1457 asseri
833 1394 892 1458 nisi
915 1394 1005 1483 quod
1020 1396 1056 1459 in
1077 1397 1176 1484 scrip-

122 1581 125 1586 ,
140 1511 219 1574 turis
238 1505 451 1585 θεόπνεῦστοις
464 1527 646 1594 expressum
662 1506 701 1570 sit
712 1507 743 1588 ,''
759 1522 792 1570 et
807 1522 1018 1595 componatur
1030 1531 1107 1574 cum
1117 1508 1176 1575 Sa-

139 1645 193 1686 cro
211 1621 344 1702 codiee,
365 1620 484 1684 mirum
501 1619 525 1683 si
541 1618 626 1683 idem
644 1619 678 1684 in
695 1618 1058 1711 utroqueEvangelium
1075 1645 1176 1713 agno-

139 1751 203 1800 scat
217 1735 316 1798 homo
336 1733 484 1796 historiae
506 1733 700 1822 dogmaticae
726 1734 901 1820 imperitus.
932 1735 1175 1802 Remuneran-

138 1847 222 1910 tium
244 1862 276 1910 et
292 1845 327 1908 in
345 1845 396 1909 his
412 1842 611 1908 Lirnhorchii
629 1846 781 1910 meritum
796 1844 859 1911 fuit
879 1848 969 1934 quod
988 1849 1023 1911 in
1042 1847 1176 1912 Institu-

139 1956 279 2024 tionibus
309 1958 372 2022 suis
396 1955 596 2046 Theologicis
622 1973 757 2048 systema
790 1956 875 2024 illud
904 1957 1085 2049 relinquere
1112 1962 1176 2025 sint

137 2071 205 2134 ausi
225 2086 256 2134 et
274 2065 500 2138 scholasticam
519 2069 710 2136 methodum
728 2072 958 2162 impugnarint.
981 2049 1067 2160 'Ipse
1086 2073 1176 2138 ltm-

138 2182 289 2274 borchius
314 2186 443 2272 justum.
464 2199 561 2272 atque
586 2185 749 2274 integrum
774 2202 908 2276 systema
925 2183 1087 2251 Biblicum
1106 2209 1174 2252 non

137 2295 291 2360 condidit.
320 2295 481 2360 Hactenus
495 2296 627 2383 quidem
641 2301 707 2384 ejus
719 2296 791 2362 lans
808 2296 991 2384 imperfecta
1002 2315 1065 2391 [est.
1090 2299 1175 2363 Nam

137 2424 259 2496 potest,
279 2408 304 2472 si
326 2407 406 2495 quid
425 2407 536 2490 video,
559 2406 719 2497 debetque
738 2407 915 2499 Theologia
935 2409 1115 2474 Christiana
1138 2412 1174 2473 in

137 2537 245 2610 aptam
264 2545 289 2586 s.
313 2521 485 2612 systematis
502 2545 527 2585 s.
550 2523 774 2612 syntagmatis,
795 2522 820 2586 si
840 2523 957 2602 mavis,
974 2521 1111 2588 sormam
1123 2545 1175 2586 re-

137 2635 202 2726 digi
211 2684 221 2715 ,
242 2634 340 2724 idque
357 2657 393 2697 ea
413 2634 534 2700 ratione
550 2649 589 2698 ut
598 2681 608 2713 ,
631 2657 707 2699 cum
723 2631 892 2721 Scriptura
903 2632 997 2701 Sacra
1015 2632 1173 2700 sactorum

124 2749 248 2820 ‚seriem
281 2747 458 2828 contineat,
493 2745 628 2834 eligatur
654 2745 787 2834 aliquod
808 2770 971 2812 summum
996 2764 1028 2812 et
1052 2749 1174 2836 praeci-

136 2882 258 2947 puum,
288 2875 454 2946 tamquam
477 2854 636 2945 religionis
656 2856 853 2921 Christianae
874 2855 1112 2939 meditullium,
1132 2859 1174 2922 ad

136 2971 226 3062 quod
249 2971 356 3036 omnia
378 2967 556 3034 referantur
573 2984 640 3032 eta
661 2991 728 3056 quo
750 2967 1089 3050 deducanturomnia3
1106 2992 1174 3034 non

136 3083 361 3176 qualecunque
383 3105 442 3172 pro
465 3081 616 3164 arbitrio,
636 3081 690 3146 sed
708 3079 798 3169 quod
810 3103 920 3146 revera
936 3078 999 3146 tale
1012 3097 1058 3146 est
1074 3106 1092 3146 a
1106 3105 1173 3172 quo

135 3201 242 3264 omnia
259 3197 430 3286 pendeant.
456 3193 535 3260 Tale
547 3195 742 3282 principium
756 3195 862 3280 posuit
877 3194 1170 3260 Protestantismus:

135 3313 363 3377 redemtionem
388 3306 455 3373 scil.
490 3307 624 3373 humani
657 3306 779 3398 generis
806 3327 864 3393 per
888 3303 1069 3388 Christum,
1090 3331 1173 3397 quae

135 3441 218 3490 certe
248 3446 372 3488 summa
393 3436 438 3486 est
459 3418 636 3510 Evangelii.
685 3418 799 3508 Neque
816 3415 900 3510 illud
921 3417 1060 3510 neglexit
1082 3421 1173 3488 Lim-

134 3536 304 3620 horatius,
326 3534 510 3600 dominatur
528 3533 633 3620 potius
652 3533 688 3598 in
709 3535 776 3620 ejus
795 3530 982 3623 Theologie.
1029 3532 1076 3598 At
1096 3558 1172 3600 vero

134 3649 265 3731 cum,si
285 3649 328 3712 sic
347 3646 629 3728 enuntiatur,idea
649 3647 689 3710 sit
704 3645 860 3710 eheu-ada
878 3660 911 3707 et
929 3641 1060 3725 laetitia,
1082 3645 1171 3708 vario

133 3761 248 3827 ahtrsui
276 3759 470 3825 munirem
492 3757 610 3824 dedisse
627 3755 774 3836 videtur,
794 3753 906 3820 saltem
926 3755 1080 3843 impedire
1102 3779 1170 3824 non

133 3875 239 3964 potuit
269 3871 442 3964 quominus
459 3867 617 3958 Theologi
637 3865 783 3958 plerique
799 3869 971 3956 antiquum
989 3867 1171 3936 obtinerent

133 4167 179 4214 aug
199 4151 243 4202 aul
257 4151 305 4200 den
325 4144 510 4198 substantiellcu
528 4145 595 4194 Kern
613 4144 651 4194 die
670 4139 899 4199 wissenschaltliche
920 4141 1021 4200 Arheit,
1042 4140 1099 4190 weit
1117 4149 1169 4190 out·

133 4248 211 4304 terat,
230 4245 274 4294 mit
294 4246 365 4307 ieuer
387 4241 571 4303 luncheidung
594 4239 714 4288 rauendel
733 4252 763 4284 zu
784 4250 858 4296 eeyn,
878 4251 929 4285 nun
947 4245 998 4285 erst
1016 4238 1086 4286 recht
1100 4236 1170 4284 ihren

135 4339 228 4400 lalana
245 4341 350 4388 nahmen
366 4336 491 4386 mussen.⁸'

1017 4421 1036 4481 7
