2959 5284
683 479 934 549 ,482-

303 666 392 734 sertim
417 666 483 734 (sine
505 681 592 726 causa,
616 679 665 715 nec
687 663 830 731 lacessitus)
848 660 985 731 opposuit,
1012 675 1108 711 nornen
1126 675 1217 710 meum
1235 659 1338 730 aliquot

304 758 526 829 disputationibus
542 755 745 827 deprehendetis
760 757 918 827 praefixum,
944 771 1010 826 qrras
1027 736 1209 824 respondendo
1232 751 1336 804 tuebar.

303 853 354 906 Sed
376 855 481 905 illarum
504 869 550 920 ego
576 855 601 904 1.
622 869 677 904 non
695 870 754 904 sum
773 862 859 904 autor.
884 855 912 904 2.
928 869 983 902 non
1000 850 1138 902 continent
1153 849 1336 900 contumelias.

303 950 331 998 3.
358 946 492 1014 disputant
511 946 548 1005 ric
569 942 698 1010 suavem,
724 945 765 996 uti
787 961 877 997 omnes
898 946 1025 1007 solemus,
1044 962 1099 1016 quo
1115 945 1228 1006 veritas,
1248 943 1289 994 uti
1304 959 1338 992 ert

304 1040 425 1110 lapidum
441 1041 535 1092 attritu
552 1041 627 1107 ignis,
647 1041 775 1092 eliciatur.
794 1039 970 1106 Cogitandnm
985 1056 1054 1106 ergo,
1067 1056 1114 1090 vos
1128 1055 1233 1108 quoque
1243 1036 1340 1089 adres·

304 1153 346 1186 sus
365 1153 413 1188 nos
429 1133 563 1204 disputare
582 1135 610 1186 in
626 1134 776 1202 Gymnasiis
792 1136 898 1198 vestris,
916 1152 1004 1205 neque
1017 1143 1108 1186 tamen
1117 1131 1180 1184 inde
1190 1133 1340 1184 veneratio-
1390 1187 1395 1194 ,

304 1247 379 1293 nem,
399 1246 451 1299 qua
467 1246 515 1280 vos
531 1229 724 1299 prosequimur,
746 1227 851 1296 infringi
870 1229 926 1280 ulla
937 1246 970 1280 ex
981 1237 1064 1298 parte·
1093 1227 1195 1280 Damna
1206 1244 1266 1294 ergo
1278 1244 1341 1278 meo

304 1341 348 1376 me
365 1334 444 1387 voto,
464 1325 505 1376 vir
520 1323 668 1390 magnifiee,
689 1339 827 1392 meamque
848 1323 1007 1374 tenuitatem
1028 1322 1193 1392 responsione
1216 1319 1341 1388 dignatus
1372 1372 1375 1375 .

305 1418 445 1486 gramarum
457 1418 585 1482 actiones,
605 1415 758 1488 propediem
769 1416 798 1468 in
808 1415 941 1487 publicem
953 1415 1120 1484 gratitudinis
1131 1433 1221 1467 vocem
1232 1425 1340 1487 eruptu-

305 1530 359 1575 ras,
373 1513 537 1581 praestolare.
569 1512 659 1564 Servet
671 1520 698 1564 te
710 1511 819 1562 interim
830 1511 900 1564 Deus
910 1512 940 1562 in
951 1512 1099 1562 virentium
1111 1510 1241 1562 fasciculo.
1260 1512 1339 1572 Vale,

305 1607 347 1657 vir
358 1605 542 1670 celeberrime,
561 1605 620 1657 vole
632 1605 660 1656 iu
672 1605 800 1668 Domino,
815 1606 858 1657 cui
868 1615 897 1657 te
908 1603 1062 1658 commendo
1073 1623 1120 1673 per
1128 1605 1271 1660 Dominum
1282 1622 1341 1658 nos·

306 1710 378 1752 trum
388 1699 480 1752 Jesum
488 1698 633 1750 Christum!

305 1785 338 1878 rie
354 1817 484 1882 τάχιστα.
519 1817 552 1868 in
570 1815 711 1868 Academia
728 1816 835 1868 ienensi

341 1913 422 1964 Scrih.
438 1911 590 1980 d.251ttaj.
608 1915 686 1964 1696.

759 2006 968 2074 Magnificentiae
985 2015 1046 2058 tuae
1064 2007 1306 2060 observantissimus

854 2103 935 2154 Ernst
952 2103 1076 2155 Salomon
1092 2103 1237 2173 Cyprianus

804 2196 1089 2260 Ostheimia-Frtncus,

866 2291 891 2342 S.
912 2292 1070 2361 'lheologiae
1087 2291 1231 2345 Studiosrrs.

379 2553 427 2606 Vir
438 2551 598 2614 doctissime,

343 2649 423 2711 Recte
438 2646 551 2715 judicas,
569 2647 781 2698 demonstrantes
794 2643 904 2698 schisma
917 2663 971 2696 non
988 2645 1089 2710 fecisse,
1112 2647 1159 2700 sed
1176 2665 1263 2718 passos
1275 2665 1341 2702 esse.

308 2741 420 2792 Exstant
434 2739 537 2809 publice
546 2737 640 2806 scripta
653 2745 740 2788 nostra
748 2755 837 2806 ,quae
848 2738 871 2790 si
880 2739 940 2809 quis
949 2741 1084 2792 consulere
1093 2743 1177 2805 velit,
1189 2741 1255 2812 quid
1267 2743 1345 2794 nobis

308 2853 356 2906 per
372 2833 529 2887 calumniam
545 2830 680 2898 affingatur
690 2829 765 2883 facile
777 2829 967 2901 deprehendet.
987 2834 1067 2905 Spero
1076 2853 1169 2905 paucos
1179 2837 1249 2888 intra
1263 2854 1345 2890 annos

213 2977 215 2982 .
308 2931 400 2984 iacobi
418 2928 529 2982 Arminii
542 2945 636 2998 opera,
656 2926 777 2996 interque
794 2945 824 2978 ea
834 2928 919 2980 multa
929 2927 1055 2980 hactenus
1065 2929 1180 2993 inedita,
1191 2930 1343 3000 proditum

309 3027 406 3098 quihus
415 3024 540 3094 prolixior
550 3023 620 3074 vitae
629 3019 743 3072 Arminii
751 3018 859 3072 historia
867 3022 1031 3091 praefigatur.
1062 3022 1144 3075 Edidi
1152 3042 1198 3092 ego
1207 3024 1344 3078 historiam

252 3165 258 3170 .
310 3122 379 3172 ritae
396 3117 539 3188 Episcopii,
554 3132 633 3184 quarn
643 3113 740 3167 amicm
752 3113 860 3183 padum
872 3116 900 3166 in
912 3117 1033 3168 Latinam
1043 3118 1160 3186 linguam
1169 3121 1265 3184 vertit,
1277 3137 1344 3191 quse

310 3213 357 3268 ubi
365 3194 505 3284 prodie'rit,
518 3207 674 3262 suminus
686 3207 788 3277 aliquid
797 3206 919 3261 manue
928 3219 1031 3262 naun
1042 3210 1144 3266 sarm
1152 3215 1263 3283 wiern
1289 3215 1345 3268 vt

311 3327 370 3363 rum
385 3327 418 3361 ex
434 3305 550 3381 historiis
567 3300 754 3370 Uileubogardi
771 3311 799 3353 et
816 3302 917 3356 Brantii
934 3305 1013 3374 plena
1027 3308 1218 3360 controversiae
1241 3318 1345 3362 nostrae

310 3404 422 3471 cognitio
435 3401 525 3454 haberi
534 3407 635 3469 potest,
648 3415 714 3468 quas
724 3396 774 3450 tibi
786 3407 862 3450 autor
872 3399 922 3450 nm
931 3408 963 3451 nt
974 3401 1107 3464 consulas,
1119 3402 1217 3474 siquid
1227 3414 1345 3458 amunta

312 3496 346 3548 de
362 3495 437 3546 nohis
453 3493 562 3546 sta-ibere
576 3494 673 3561 cupias.
693 3493 729 3546 Ut
744 3511 806 3546 vero
820 3493 890 3547 nihil
906 3494 950 3548 hic
959 3503 1060 3548 temere
1071 3497 1214 3563 admittas,
1225 3498 1346 3553 historias

312 3592 358 3646 has
374 3608 435 3643 curu
449 3589 481 3642 iis
494 3605 562 3660 quse
576 3587 702 3650 Voetins,
718 3589 918 3654 lioornhekim,
934 3591 1074 3656 Maresius,
1086 3591 1273 3662 spanhemius,
1285 3593 1346 3644 alii-

312 3705 365 3760 qnc
379 3686 412 3740 de
428 3685 503 3739 nohis
518 3683 674 3754 scripsenrnt
689 3684 773 3735 velim
788 3683 917 3751 conimas,
933 3696 962 3740 et
978 3697 1034 3741 tam
1047 3698 1136 3740 nostra
1146 3707 1226 3760 qrmm
1237 3690 1345 3741 illorum

280 3801 283 3806 ·
313 3782 407 3853 scripta
421 3779 456 3833 ad
468 3796 577 3832 manaen
585 3795 702 3842 revoces,
715 3789 887 3832 monumenta
897 3791 1005 3854 actaque
1020 3783 1139 3853 publica,
1151 3784 1247 3856 quinus
1262 3785 1346 3836 utrin-

313 3895 364 3949 que
380 3875 501 3929 historiae
517 3874 613 3927 veritas
628 3871 788 3939 adstruitur,
801 3875 960 3941 consideres,
973 3888 1003 3932 et
1012 3877 1095 3944 nihil,
1109 3879 1160 3931 nisi
1170 3890 1289 3932 accurato
1300 3879 1346 3932 ad-

314 3974 399 4027 hibito
415 3971 548 4033 examine,
567 3969 685 4022 definias.
710 3970 753 4022 Ita
764 3971 832 4023 mihi
843 3972 998 4043 persuadeo:
1011 3983 1111 4046 quanto
1122 3974 1238 4025 naeuus
1246 3973 1347 4040 singula

314 4066 495 4138 perpenderis,
509 4073 586 4116 tanto
598 4064 774 4118 confidentius
784 4075 812 4119 es
820 4070 1051 4137 pronuntiaturus,
1062 4067 1207 4123 schismatis
1215 4084 1271 4120 reos
1280 4083 1347 4120 neu·

314 4163 416 4232 tiquam
427 4177 481 4213 esse
490 4160 715 4230 liemonttrantes3
728 4181 820 4217 remur
832 4177 928 4237 aparte
939 4177 1028 4218 nostra
1037 4167 1106 4219 nihil
1117 4168 1279 4220 intentatum
1291 4183 1347 4218 esse

315 4257 449 4318 relictum,
463 4263 494 4306 ut
505 4253 634 4310 Ecclesiae
644 4257 808 4312 Reformatre
822 4260 908 4312 unitas
919 4271 1128 4315 conservaretur:
1148 4261 1346 4314 Contraremon·
