2959 5284
553 488 729 554 ...95-

124 674 380 756 controversia„
392 672 446 740 sed
469 673 590 738 invitus
605 669 669 741 sere
694 667 757 738 illis
774 693 807 736 sc
826 670 999 751 inmiscet,
1022 671 1090 739 aevi
1109 674 1161 736 in-

120 787 555 880 genioadversariorumque
568 785 677 854 studiis
697 782 830 872 obsequi
848 799 990 865 coactus,
1014 800 1053 850 ut
1070 782 1163 850 facile

123 901 235 966 videas
252 897 348 964 illum
366 897 462 964 talem
483 897 612 989 qualem
623 895 797 986 perlucida
812 913 978 986 tamquam
996 895 1162 965 intervalla

122 1029 237 1078 mente
260 1013 436 1100 conceperit
448 1008 656 1102 Theologiam
673 1027 827 1076 non-tam
842 1012 948 1099 ipsum
967 1010 1164 1078 conscribere

122 1149 229 1214 quam
248 1123 315 1190 aliis
332 1124 550 1200 conscribendi
566 1124 760 1190 occasionem
773 1147 896 1211 parare.
920 1122 1045 1190 Scilicet
1054 1121 1164 1191 multis

123 1237 205 1304 locis
226 1237 451 1305 Scholasticam
469 1239 575 1325 potius
588 1233 798 1326 Theologiam
809 1238 979 1326 impugnat
992 1261 1091 1326 quarn
1107 1239 1164 1304 Bi·

124 1348 248 1416 blicam
272 1351 400 1433 condit,
432 1353 523 1440 cujus
546 1366 653 1416 tamen
679 1348 803 1438 ubique
828 1365 983 1438 apparent
1009 1351 1164 1438 principia

124 1488 204 1530 vere
231 1479 263 1528 et
288 1464 408 1554 egregie
434 1464 545 1551 posita.
592 1460 712 1530 Valent
731 1461 810 1528 haec
828 1487 912 1552 quae
934 1463 1000 1528 dixi
1020 1463 1060 1528 de
1076 1479 1166 1550 parte
1182 1467 1187 1476 '

125 1576 291 1642 doctrinae
307 1575 502 1644 Christianae
521 1575 708 1658 theoretica3
725 1577 898 1663 practicam
911 1577 1016 1660 enim,
1040 1576 1082 1640 de
1100 1600 1167 1666 qua

126 1687 213 1754 infra
237 1707 367 1781 agetur,
395 1711 463 1756 non
489 1705 555 1757 tam
575 1687 715 1757 aliorum
734 1711 855 1756 errores
877 1689 1046 1757 refutando
1068 1714 1166 1778 expe-

126 1803 229 1887 divit,
253 1827 351 1894 quam
370 1805 433 1873 suis
453 1803 590 1874 inventis
608 1825 800 1895 magnopere
815 1805 987 1891 promovit.

175 1917 302 1984 Praeter
323 1933 431 2004 aptam
444 1913 645 2006 singulorum
664 1916 807 2004 capitum
828 1915 988 1982 doctrinae
999 1916 1167 2002 expositio-

127 2054 207 2094 nem
226 2053 244 2094 a
261 2027 426 2120 Theologo
447 2025 600 2118 postulari
613 2026 692 2093 solet
710 2045 749 2093 ut
767 2044 902 2119 systema
920 2028 1053 2110 condat,
1079 2028 1166 2093 unde

126 2147 209 2242 haec
225 2144 418 2236 Theologiae
435 2167 508 2233 pars
531 2142 733 2234 Systematica
753 2143 853 2208 audit.
893 2142 963 2226 Qua
982 2141 1021 2206 de
1040 2166 1076 2206 re
1093 2167 1166 2236 gra-

127 2257 179 2322 vis
202 2255 283 2320 mihi
309 2259 436 2321 videtur
461 2273 492 2321 et
515 2257 690 2354 admodum
712 2250 845 2320 difficilis
869 2257 1030 2346 quaestio,
1054 2272 1167 2322 utrum

129 2373 166 2434 in
183 2364 510 2460 systematis'sormam
528 2365 630 2432 laetus
650 2359 759 2460 ille'de
776 2357 881 2431 ‘salute
903 2384 1010 2456 nostra
1033 2369 1168 2434 nuntius

130 2483 202 2574 cogi
229 2498 325 2571 queat
352 2479 540 2570 debeatque.
595 2479 703 2547 Prima
730 2480 864 2570 quidem
881 2479 982 2568 specie
999 2477 1167 2571 Evangelii

130 2591 233 2660 indoli
256 2591 339 2659 nihil
367 2593 473 2658 minus
504 2615 686 2683 congruum
710 2593 880 2685 excogitari
907 2616 997 2681 posse
1025 2593 1162 2685 videtur.

130 2707 191 2770 Est
210 2708 296 2771 enim
322 2723 389 2772 non
412 2707 564 2789 scientia,'
579 2729 685 2796 neque
703 2729 772 2790 ars,
796 2728 902 2796 neque
927 2705 1087 2791 doctrina,
1112 2706 1167 2772 sed

130 2815 272 2881 narratio
296 2816 335 2882 de
355 2838 390 2880 re
408 2813 503 2899 facti,
531 2832 569 2879 ut
585 2817 687 2880 dicere
708 2833 958 2900 consuevenmt,
982 2840 1082 2908 eaque
1100 2841 1167 2882 non

131 2929 301 3022 praeterita
329 2927 383 2994 sed
403 2951 485 3026 quae
506 2927 682 2995 etiamnum
701 2929 806 3018 agitur
820 2944 994 3020 ageturque
1015 2930 1169 2994 continuo

82 3041 86 3054 ”
132 3041 179 3108 ad
190 3058 506 3130 postremumusque
524 3043 581 3134 qui
599 3037 758 3122 illucescet
767 3040 863 3108 diem.
889 3040 975 3116 Cum
985 3066 1060 3108 vero
1073 3066 1170 3110 omne

132 3154 255 3220 factum
277 3152 329 3222 vel
356 3156 566 3246 cogitatorum
589 3155 686 3220 tinius
711 3152 896 3244 pluriumve
921 3156 1092 3221 hominum
1115 3154 1168 3222 vel

133 3266 306 3334 voluntatis
321 3268 459 3334 Divinae
479 3266 688 3332 nranifestatio
708 3269 747 3332 sit
770 3268 888 3356 (dicam
905 3270 991 3332 enim
1005 3266 1169 3356 qitommo

134 3382 294 3475 possum)?
325 3403 391 3445 non
414 3382 558 3470 cognosci
581 3397 708 3445 tantum
726 3379 781 3445 sed
802 3380 897 3445 etiam
915 3374 1048 3472 intelligi
1067 3396 1170 3470 potest

134 3519 172 3560 ac
193 3493 305 3580 debet,
329 3494 350 3558 i.
372 3518 400 3559 e.
424 3489 574 3582 explicari
593 3491 687 3558 debet
709 3493 788 3588 quid
804 3494 847 3559 sit
862 3495 951 3593 quod
962 3495 1074 3589 quovis
1083 3494 1171 3592 ‘facto

135 3593 362 3674 manifestetur.
403 3592 506 3698 quue
522 3593 696 3696 dupliciter
726 3605 794 3674 fieri
822 3624 943 3694 potest3
966 3607 1019 3672 vel
1041 3609 1127 3672 enim
1150 3633 1170 3672 a

135 3721 292 3809 principio
317 3720 460 3809 quodam
483 3717 781 3806 rationaliprosecti
800 3719 1003 3784 consectarias
1020 3719 1097 3799 inde
1113 3720 1171 3806 def

137 3832 297 3914 ducimus,
321 3831 422 3896 donec
448 3831 489 3895 ad
515 3829 606 3896 illam
629 3845 821 3918 perventum
838 3829 934 3895 fuerit
957 3832 1060 3898 ideam
1087 3856 1170 3923 quae

26 3973 29 3978 ¹
137 3943 220 4010 facto
238 3941 295 4007 illc
312 3967 344 4006 se
364 3940 589 4026 manifestarit,
613 3940 666 4008 vel
684 3967 722 4008 ex
740 3945 808 4032 ipso
823 3941 905 4009 sacto
924 3947 1073 4011 attentius
1093 3969 1171 4012 con-

138 4057 271 4123 siderato
291 4053 346 4120 illa
367 4053 511 4121 efficitur.
559 4057 599 4123 In
621 4055 807 4145 explicanda
826 4055 976 4150 religione
994 4057 1172 4126 Christiana

138 4173 341 4258 posteriorem
369 4171 455 4235 viam
481 4185 586 4238 tenere
611 4169 706 4238 debet
729 4168 930 4264 Theologus‚
960 4170 1172 4262 Philosophus

140 4285 288 4371 priorem.
314 4285 397 4350 Huic
418 4284 483 4350 veri
506 4286 625 4356 inventi
644 4301 870 4374 argumentum
893 4287 953 4352 erit
969 4287 994 4348 si
1016 4285 1105 4374 quod
1120 4309 1172 4350 ra-
