2959 5284
307 661 394 730 bello
412 660 609 726 Limborchii
631 659 783 725 anecdoto
807 659 847 722 ds
864 656 951 721 re'cta
970 654 1179 720 concionandi
1201 663 1336 718 rmioue.

307 775 458 842 Servatur
479 771 548 838 talis
567 770 779 860 paucularum
795 772 983 860 paginarum
1001 782 1151 830 tractatus
1168 767 1201 829 in
1218 763 1341 830 Biblio-

306 888 397 952 theca
418 887 708 951 Remonstrantium
725 881 992 950 Roterodamensi.
1039 877 1122 946 Sunt
1139 877 1341 968 apophtheg-

306 1018 390 1066 mata
413 1025 431 1064 a
456 997 609 1087 discipulo
636 997 795 1086 quodam,
829 1013 866 1060 ut
892 995 1038 1076 videtur,
1071 992 1268 1058 Limhorchii
1299 1017 1339 1058 ex

305 1118 402 1203 ipsius
419 1139 473 1179 ore
489 1130 636 1178 currente
655 1111 777 1178 calamo
791 1127 939 1198 excepta,
953 1133 1040 1176 anno
1063 1111 1162 1175 1707.
1187 1111 1339 1192 Quamvis

307 1227 407 1292 multa
431 1230 464 1292 iu
489 1224 551 1292 illis
570 1225 786 1290 desiderentur
803 1225 846 1290 ad
867 1227 983 1312 justam
999 1221 1349 1310 plenamque·institu··v

227 1423 228 1426 Ἴ
306 1343 423 1406 tionem
455 1337 693 1420 Homiletieam,
720 1341 828 1403 insunt
856 1354 963 1401 tamen
992 1357 1059 1400 non
1086 1359 1187 1422 pauca
1216 1337 1339 1426 egregie

305 1453 445 1534 monita,
483 1453 508 1515 si
534 1451 716 1538 praesertim
738 1451 845 1514 aetatis
871 1447 957 1514 illius
986 1465 1020 1515 et
1047 1447 1198 1514 vitiorum
1220 1448 1340 1537 quibus

307 1562 535 1652 plerorumque
555 1561 752 1653 limborchii
778 1559 961 1650 aequalium
981 1562 1146 1627 conciones
1165 1563 1268 1626 sacrae
1286 1560 1338 1627 la-

307 1676 466 1742 borabant
492 1676 646 1740 rationem
677 1674 805 1741 habeas.
860 1675 986 1740 Horum
1009 1698 1115 1741 unum
1137 1673 1341 1764 alterumque

310 1792 394 1881 typis
412 1789 608 1854 exarandum
627 1789 735 1854 curavi
755 1790 791 1852 in
811 1786 900 1874 App.
920 1787 957 1852 B.

351 1899 534 1968 Dolendum
559 1898 699 1987 profecto
727 1917 774 1965 eet
792 1917 860 1966 tam
881 1921 983 1987 pauca
1000 1922 1060 1965 nos
1075 1899 1117 1964 de
1133 1899 1338 1964 Limborohio

306 2013 470 2105 Evangelii
483 2015 627 2100 ministro
641 2015 812 2078 memoriae
826 2013 941 2077 tradita
957 2011 1088 2078 habere.
1121 2013 1235 2100 Repeti
1248 2035 1339 2078 com-

306 2128 474 2192 mentarios
492 2128 589 2214 ipsius
608 2125 807 2190 Limborchii
825 2126 1066 2212 manuscriptos
1076 2125 1116 2190 de
1135 2125 1239 2192 turbis
1258 2149 1340 2215 quas

307 2241 453 2304 excitavit
472 2237 600 2304 libellus
620 2261 718 2328 quem
738 2255 848 2303 contra
865 2238 1055 2326 Soeperum,
1073 2237 1118 2304 V.
1141 2239 1183 2303 D.
1205 2240 1276 2321 M„
1295 2240 1338 2304 de

305 2370 417 2418 mutua
442 2351 607 2418 tolerantia
629 2353 810 2440 scripserat,
831 2374 993 2441 quemque
1015 2347 1172 2416 famam
1190 2374 1256 2418 esse
1271 2354 1337 2439 aje-

306 2467 386 2532 hant
394 2463 550 2531 Ecclesiae
569 2463 717 2553 publicae
731 2468 893 2532 antistites.
918 2465 1121 2554 Magistratus
1130 2484 1207 2528 vem
1222 2462 1355 2529 essem

306 2596 384 2644 runt
394 2601 436 2644 ne
445 2580 526 2643 actio
544 2581 578 2644 in
588 2577 832 2644 Limborchium
841 2578 1068 2644 institueretur.
1085 2578 1191 2660 Quam
1201 2579 1337 2668 dignum

306 2715 339 2755 se
350 2691 537 2779 praestiterit
546 2692 705 2778 Episcopii
725 2707 874 2778 nepotem
884 2689 1335 2781 ArminiiqueasseclamGur·

306 2799 477 2893 cellaeique
497 2799 690 2892 discipulum
708 2825 895 2894 cognoscere
913 2822 959 2870 est
979 2829 1018 2869 ex
1031 2803 1183 2892 epistola,
1202 2804 1337 2871 Gondae

308 2921 350 2982 99
369 2919 477 2983 Martii
496 2919 582 2983 1665
599 2917 692 2999 data,
711 2918 745 2982 in
765 2920 998 3007 qua-nescio
1014 2919 1057 2983 ad
1074 2941 1192 3008 quem,
1210 2917 1337 2984 nnllam

307 3033 393 3095 enim
413 3030 534 3096 habent
553 3029 661 3094 literae
682 3031 918 3116 inscriptionem
933 3066 980 3082 -·
996 3030 1075 3095 haee
1088 3031 1128 3095 de
1141 3055 1197 3096 sua
1208 3035 1336 3098 concio-

306 3142 404 3206 nandi
429 3141 580 3204 methodo
608 3139 737 3228 pacifica
765 3139 876 3205 refert:
900 3143 1006 3206 »Huic
1022 3146 1239 3232 fundamento
1256 3148 1303 3210 tol
1319 3183 1339 3200 -

304 3241 443 3318 'rautIom
466 3265 606 3318 nostram
624 3262 884 3342 superstruimus,
904 3264 937 3318 iu
956 3255 991 3319 S.
1018 3257 1201 3346 Scripturas
1219 3259 1337 3323 scilicet

305 3367 406 3429 uerba
424 3365 633 3452 jurandum„
660 3365 705 3431 Et
732 3391 841 3431 revera
863 3367 918 3430 illa
936 3378 1030 3431 unica
1048 3377 1083 3432 iu
1106 3378 1218 3433 varias
1236 3379 1336 3435 scisso

305 3492 406 3542 sectas
440 3477 679 3572 Christianum
710 3479 862 3542 medendo
889 3503 1060 3566 panacaea
1085 3493 1133 3545 est
1139 3529 1151 3561 ‚
1182 3490 1213 3545 si
1240 3483 1340 3546 semel

306 3592 449 3656 erunibus
470 3591 615 3656 huumuis
637 3591 846 3656 mosenum
864 3606 958 3656 extra
975 3593 1173 3679 Sosa'pturnm
1192 3603 1337 3658 nuntium

306 3713 475 3769 mittamus.
522 3705 594 3791 Ego
625 3712 671 3766 s'ta
694 3702 822 3790 publice
840 3705 936 3767 doceo
953 3705 1131 3768 Ecclesiam
1149 3727 1266 3787 uteam,·
1283 3729 1339 3770 sa-

307 3819 398 3881 lutem
424 3843 487 3881 uon
512 3841 579 3881 esse
602 3817 927 3912 alligandumnostro
946 3825 1068 3895 caetui5
1087 3824 1263 3904 quinimo,
1286 3843 1336 3884 me
1425 3876 1433 3886 ,

388 3984 509 3992 .--..—--

305 4079 352 4124 keu
371 4084 406 4126 tet
424 4076 467 4139 siju
487 4091 621 4139 genoegen.
652 4083 717 4130 Dooh
736 4080 761 4128 ik
779 4080 868 4128 diendo
884 4081 921 4128 dit
939 4082 1027 4129 sooral-
1040 4084 1163 4132 uederom
1179 4094 1205 4132 ta
1223 4086 1336 4143 mitta.

304 4181 368 4222 want
386 4173 420 4220 dit
438 4174 458 4220 is
477 4175 537 4222 noch
557 4177 598 4223 het
616 4177 790 4231 volmaektsta,
808 4175 893 4223 datii
911 4189 958 4224 vau
977 4176 1049 4239 mijna
1061 4179 1296 4239 predicatichebbaa
1310 4176 1335 4230 u

302 4269 390 4330 hopcss
410 4269 471 4318 noch
490 4277 605 4319 senates
625 4271 701 4330 degon
720 4272 746 4320 iu
764 4268 847 4319 schrift
866 4279 890 4318 tc
909 4271 1017 4332 bremen
1035 4273 1059 4320 iu
1078 4275 1096 4320 't
1114 4274 1248 4336 etruscus·
