2959 5284
576 479 775 542 -ttt-

152 677 196 728 ut
211 661 427 750 Pmpheum,
449 660 651 730 Sunudotem
665 679 701 730 et
721 664 841 756 Regem
858 666 954 734 nobie
965 693 984 733 a
994 668 1064 734 Deo
1079 668 1195 736 datum

151 776 386 854 reoumbimua,
402 773 497 874 plene
516 775 653 864 persuasi
672 779 785 858 noa,ai
806 777 967 845 doetrinae
983 783 1052 869 ejua
1068 779 1196 848 obtem·

150 891 390 977 petuoerimua,
405 889 619 954 rentimionem
638 906 842 978 peeeatonun
858 892 1196 981 vimqueaetemm

150 1023 215 1089 per
239 1002 344 1090 ipsum
365 1016 604 1066 oonaeouturoa:
636 1025 675 1066 ex
694 1025 726 1068 se
742 1003 922 1091 producens
939 1005 1058 1070 aerium
1076 1005 1197 1070 eteffi·

151 1133 215 1180 eux
235 1115 434 1202 propositum
443 1162 454 1194 ,
486 1111 701 1180 obedientiam
716 1112 848 1204 qualem
863 1141 883 1180 a
902 1115 997 1182 nobis
1012 1118 1118 1207 exegit
1135 1118 1195 1205 ipsi

150 1227 369 1317 pmeetundi.'’
417 1226 503 1292 Cum
524 1225 575 1290 hia
594 1224 803 1293 oonferautur
821 1251 906 1317 quae
926 1228 1004 1294 dioit
1027 1227 1193 1310 Lih...VI,

150 1362 185 1407 ο.
208 1342 248 1419 t,
273 1339 292 1424 ς
313 1340 376 1421 at,
400 1339 464 1420 et,
489 1338 551 1402 aa:
599 1336 796 1426 »otjecmm
810 1338 885 1405 edet
904 1319 1196 1430 quajuaifioemur

78 1489 79 1492 ¹
151 1453 292 1520 dioimm
309 1474 377 1517 nou
395 1473 460 1516 este
481 1450 634 1539 justitiam
654 1450 774 1518 Christi
792 1450 887 1518 nobis
906 1454 1118 1540 imputatam,
1140 1453 1197 1521 md

152 1582 263 1634 totum
286 1565 395 1630 Jeeum
424 1561 609 1646 Christum,
629 1578 786 1653 tanquam
806 1563 1023 1652 Prophetum,
1042 1563 1198 1632 Saoerdo-

152 1694 222 1746 tem
236 1693 269 1744 et
285 1677 423 1768 Regem,
446 1699 513 1742 non
532 1692 660 1742 tantum
679 1677 777 1765 ipaiua
797 1677 1073 1765 propitiationem,
1091 1678 1148 1746 aed
1163 1693 1198 1744 et

152 1805 341 1881 praenimia,
375 1789 526 1876 promissa
552 1803 583 1852 et
602 1789 724 1869 minua,
748 1811 814 1877 qua
832 1789 943 1878 itaque
961 1805 1068 1856 totum
1086 1790 1198 1858 Chris·

154 1919 249 1982 tttm,
278 1903 499 1991 integramque
517 1901 585 1987 ejua
603 1901 883 1966 annuntiationem
905 1902 1078 1991 omniaque
1095 1900 1197 1969 hene-

153 2013 227 2081 ficiu
253 2011 402 2080 minuria
426 2009 671 2100 amplectimur,
694 2014 729 2078 in
749 2011 847 2081 illum
868 2029 1035 2102 tamquam
1050 2012 1197 2102 Prophe

154 2146 242 2210 tam,
271 2126 472 2196 Suoerdotem
499 2141 532 2192 et
557 2125 677 2217 Regem
696 2127 875 2208 eredimus,
899 2127 997 2216 ipsiu's
1008 2127 1198 2198 ,doctrinan

156 2257 313 2330 tunquam
330 2241 474 2323 diuinum
490 2240 678 2328 rumpimus,
697 2241 733 2306 iu
755 2227 863 2328 iprum
881 2263 972 2328 rpem
988 2263 1026 2307 ao
1045 2238 1206 2314 fiduciam·

154 2348 528 2432 noenumsseelloeamua,
551 2364 585 2414 et
603 2349 645 2416 ab
664 2367 884 2440 eotumquam
899 2352 998 2420 ttaioo.
1015 2368 1125 2424 noetro
1140 2368 1198 2424 ,re-

156 2468 301 2536 demtore
324 2467 424 2532 vitam
451 2479 612 2530 aeternam
641 2487 678 2530 ea
706 2464 831 2530 ratione
855 2486 893 2529 ue
912 2461 1207 2552 oo‘nditionefqoo=

155 2579 250 2648 nobie
278 2600 350 2646 eam
368 2577 531 2666 promitit,
551 2577 621 2642 aine
639 2573 708 2648 ulla
721 2575 927 2644 dubitatione
944 2575 1195 2664 exspectamur?

156 2694 244 2760 Haeo
256 2715 332 2758 vero
343 2690 421 2756 fides
436 2707 468 2756 et
482 2691 548 2777 ipra
562 2705 608 2755 est
623 2705 711 2756 actua
725 2689 924 2756 obedientiae
937 2706 1081 2783 nostrae,
1096 2713 1196 2781 quem

156 2807 244 2872 Deus
257 2803 351 2870 nohis
363 2799 560 2891 praeseribit,
572 2817 604 2866 et
617 2825 717 2891 quem
729 2800 893 2868 liberrime
905 2803 975 2868 Deo
987 2817 1195 2889 praestamus,

158 2933 192 2984 et
208 2916 423 2982 obedientiam
449 2913 596 2980 omnium
609 2914 669 2980 Dei
687 2930 930 3002 praeoeptorum
944 2937 984 2981 eu
1000 2936 1034 2980 ae
1048 2913 1198 3002 producit

158 3029 253 3120 (ibid.
274 3029 293 3114 §
313 3028 381 3118 30).
425 3027 603 3119 Haotmm,
614 3027 643 3094 'ai
657 3050 775 3116 nempe
786 3049 884 3096 omne
896 3026 1049 3095 meritum
1062 3042 1095 3093 et
1108 3047 1200 3092 oom-

157 3159 305 3210 mentum
326 3141 367 3208 de
384 3139 500 3207 habitu
519 3137 624 3206 infuao
645 3139 843 3232 abnegetur,
863 3163 938 3207 vere
955 3139 1070 3208 dieunt
1085 3141 1199 3207 Ponti·

157 3253 222 3322 ficii
245 3255 397 3343 justitiam
422 3251 643 3321 inhaerentem
668 3255 809 3344 requiri,
837 3269 876 3318 ut
904 3251 1198 3341 juatifieationema

158 3367 227 3434 Deo
251 3389 484 3458 consequamur
505 3365 598 3455 (ibid.
621 3366 640 3451 ς
662 3365 737 3456 19);
761 3364 783 3430 i.
806 3389 859 3449 e.,
881 3363 930 3434 uti
952 3387 992 3430 ex
1010 3361 1200 3430 anteoeden·

160 3477 246 3547 tibus
263 3475 354 3546 facile
368 3474 520 3561 efficitur,
543 3477 718 3572 requiritur
737 3502 805 3544 non
824 3477 915 3546 nuda
935 3477 1094 3571 quaedam
1112 3476 1199 3546 fidu-

160 3594 207 3660 cia
229 3591 313 3662 velle
339 3595 446 3665 Deum
464 3595 618 3682 justitiam
641 3591 761 3661 Christi
784 3590 878 3678 nohis
902 3594 1082 3680 imputare,
1109 3592 1199 3683 quod
1318 3662 1320 3666 .

160 3729 322 3795 nmquam
339 3706 393 3771 un
407 3703 520 3772 aaltem
534 3705 642 3774 verbis
654 3721 711 3770 aut
726 3727 764 3768 ea
776 3727 843 3792 qua
854 3701 955 3792 vulgo
966 3702 1121 3790 uooipitur
1132 3703 1203 3793 sige

160 3814 340 3884 nifioeuone
358 3818 451 3884 donet
471 3817 565 3884 Sacra
584 3816 768 3902 Scriptura,
792 3814 847 3880 aed
866 3811 1034 3880 effluet
1051 3813 1087 3878 in
1102 3814 1201 3879 mim

160 3929 329 3998 rieordiim
355 3929 415 3996 Dei
442 3953 525 4020 quae
544 3928 637 3995 nohis
659 3928 693 3994 in
715 3925 842 3994 Christo
863 3923 1059 3992 manifestata
1078 3941 1144 4005 eat,
1164 3942 1196 3991 et

161 4045 277 4112 serium
293 4041 325 4113 et
343 4041 452 4112 effioex
472 4041 668 4108 obedientiae
686 4041 903 4132 propositum,
923 4037 1042 4124 verbo,
1058 4039 1197 4130 requiri-

145 4176 215 4226 tur
233 4175 271 4226 ut
286 4183 345 4228 not
364 4182 440 4228 oum
461 4155 577 4224 fiducia
594 4171 675 4222 totos
692 4153 819 4225 Christo
833 4169 865 4221 et
877 4177 934 4244 per
949 4153 1114 4222 Christum
1127 4153 1195 4218 Deo

164 4271 323 4340 tradamus
344 4289 376 4340 et
396 4273 650 4352 (remittamus,
671 4269 716 4336 sie
733 4268 877 4356 primum
903 4269 977 4357 justi
998 4265 1197 4336 deelaramtu

1018 4381 1038 4444 8
