2959 5284
597 1145 767 1278 rans
813 1147 1116 1266 aaron,
1183 1133 1187 1141 “
1246 1164 1251 1177 ·
1338 1156 1344 1169 ·

421 1379 484 1458 'nn
508 1373 715 1458 amnoacnn
738 1411 838 1470 vrrs,
862 1410 1050 1472 ornamus,
1074 1413 1212 1459 mmm.

755 1705 892 1728 *⁸-

559 1951 576 2035 §
603 1949 633 2011 l.
683 1950 934 2038 Argumentum,
958 1949 1086 2013 Fontes.

306 2088 513 2190 Malorum
529 2126 732 2192 arbitrariam
751 2151 820 2192 esse
836 2127 940 2192 dicere
958 2125 1080 2192 solebat
1097 2127 1338 2214 Limborchius3
1468 2090 1469 2143 ξ

305 2261 372 2326 qua
390 2241 543 2304 sententia
562 2239 651 2305 haud
677 2241 740 2304 scio
761 2263 803 2304 an
820 2237 911 2304 nulla
931 2237 992 2305 alia
1018 2263 1096 2305 aevo
1114 2258 1223 2307 nostro
1242 2247 1342 2334 magis

304 2351 479 2440 displiceat.
527 2350 679 2443 Displicet
698 2355 795 2418 etiam
811 2352 903 2420 mihi.
951 2353 1077 2420 Verum
1094 2355 1256 2421 enimvero
1276 2357 1341 2422 hoc
1395 2377 1407 2399 ·

305 2464 440 2532 voluisse
457 2464 702 2532 Limhorchimn
719 2464 926 2545 crediderim,
941 2465 1132 2532 methodum
1148 2486 1339 2559 argumento

304 2601 372 2645 non
391 2595 618 2671 argumentum
637 2577 790 2644 methodo
805 2560 841 2644 se
856 2579 1057 2645 commodare
1078 2579 1195 2647 debere
1205 2630 1215 2662 ,
1239 2585 1282 2650 ita
1302 2600 1340 2650 ut

305 2693 420 2757 rectius
440 2690 545 2757 multo
569 2693 698 2758 senserit
714 2715 814 2782 quam
831 2693 957 2759 dixerit.
985 2692 1104 2759 Nullus
1121 2693 1236 2761 dubito
1257 2698 1339 2787 quin

302 2808 329 2870 si
350 2830 388 2870 ex
409 2807 476 2894 ipso
500 2829 650 2896 quaerere
670 2829 813 2894 possem,
838 2829 919 2871 num
936 2804 1155 2896 qualicunque
1172 2831 1233 2897 pro
1250 2809 1338 2875 arhi-

304 2920 365 3006 trio
384 2943 455 2984 meo
478 2919 599 2994 ratione
618 2920 717 2985 vitam
734 2919 831 3008 ipsius
851 2943 997 2985 enarrare
1019 2918 1100 2985 mihi
1124 2917 1252 3006 liceret,
1275 2919 1339 2986 tale

303 3032 418 3096 ferrem
442 3055 644 3120 responsum:
670 3033 824 3097 »minime
842 3029 933 3097 vero!
957 3034 1012 3097 Tu
1032 3031 1116 3098 refer
1130 3057 1213 3123 quae
1234 3032 1336 3100 relatu

247 3165 253 3170 ·
302 3169 383 3232 opus
402 3161 495 3228 sunt,
510 3167 612 3234 pauca
630 3141 686 3209 illa
700 3160 733 3208 et
749 3142 843 3210 valde
860 3143 1032 3233 simplicia3
1049 3145 1128 3211 haec
1140 3144 1222 3212 fere:
1247 3147 1338 3214 Lim-

303 3258 474 3325 horchium
491 3256 588 3324 talem
606 3257 698 3324 fixisse
712 3280 821 3322 revera
836 3255 965 3347 qualem
983 3281 1015 3322 se
1028 3258 1144 3347 prodat
1162 3260 1195 3323 in
1215 3261 1337 3348 scriptis

300 3375 384 3456 suis,
418 3396 501 3462 quae
529 3374 563 3436 in
591 3369 708 3462 vulgus
731 3387 808 3436 nota
834 3371 914 3453 sint3
946 3370 1029 3435 nihil
1053 3394 1129 3436 eum
1152 3369 1259 3439 tulisse
1280 3392 1336 3440 aut

299 3484 424 3574 gessisse
437 3483 526 3573 quod
540 3505 744 3570 communem
757 3481 929 3546 hominum
949 3499 1066 3549 sortem
1078 3502 1221 3573 superet3
1234 3509 1335 3574 pauca

299 3596 459 3687 quaedam
479 3591 644 3663 volumina
669 3596 743 3660 satis
766 3595 860 3683 spissa
886 3593 982 3660 illum
1007 3600 1238 3686 conscripsisse,
1256 3623 1335 3690 quo-

300 3733 376 3775 rum
393 3709 530 3776 editione
549 3731 616 3774 non
634 3731 725 3774 suam
748 3706 877 3774 laudem
902 3710 957 3775 sed
980 3711 1039 3777 Dei
1060 3709 1243 3803 Ghr'utique
1262 3711 1334 3804 glo-

301 3825 382 3889 riam
399 3840 498 3912 atque
514 3820 670 3890 Ecclesiae
693 3819 829 3888 salutem
858 3825 1014 3911 spectarit.
1064 3825 1149 3890 Haec
1174 3826 1271 3917 igitur
1294 3828 1335 3893 de

300 3945 352 4004 r'ne
372 3934 531 4024 rebusque
552 3935 629 4000 meis
647 3933 747 4015 refer,
769 3933 905 4022 simplici
928 3958 964 4001 ac
979 3936 1162 4024 perspicua,
1186 3960 1250 4027 qua
1269 3938 1334 4025 ipse

298 4052 349 4117 uti
366 4047 526 4132 solebam,
550 4050 701 4116 oratione.
740 4049 874 4137 Insuper
896 4050 937 4115 de
953 4050 1061 4114 amicis
1080 4052 1158 4116 meis
1174 4049 1333 4116 nonnulla

297 4161 416 4229 addere
444 4163 560 4250 poteris
585 4180 683 4252 atque
715 4186 828 4228 eorum
855 4161 961 4228 literas
980 4185 1055 4228 cum
1075 4160 1248 4229 lectoribus
1271 4165 1334 4227 tuis

297 4277 555 4356 communicare,
588 4273 674 4340 unde
705 4275 746 4340 ad
767 4275 836 4340 aevi
866 4276 927 4338 mei
961 4275 1174 4364 cognitionem
1208 4273 1331 4364 aliquid
