2959 5284
552 479 727 544 ..93-

119 654 276 724 borchius
300 661 511 750 cognitionem
536 675 676 728 nostram
694 661 775 728 dum
793 663 877 730 hanc
897 665 996 731 vitam
1014 667 1160 734 vivemus

118 793 247 859 semper
273 770 341 838 sore
360 772 454 840 valde
478 773 694 864 imperfectam
719 791 752 840 et
774 799 940 857 mancam,
969 778 1106 869 ideoque
1123 782 1158 846 in

117 885 313 982 multa'non
333 893 483 956 curiosius
506 890 736 981 inquirendum
755 913 819 956 esse
838 891 893 956 sed
911 907 1066 979 praestare
1085 889 1159 961 irad·

114 1025 189 1084 χειν
211 1017 251 1064 et.
265 1025 347 1090 qtrae
372 1007 611 1095 cognoverimus
638 1003 796 1094 quantula
816 1005 936 1069 fuerint
965 1028 1094 1094 cunque
1115 1005 1158 1070 ad

115 1115 221 1178 vitam
230 1114 354 1182 referre.
380 1118 455 1184 Non
464 1135 572 1183 tamen
583 1119 733 1184 desidiam
749 1115 994 1182 commendabat
1008 1117 1064 1182 sed
1077 1140 1158 1204 pru·-

116 1225 272 1293 dentiam.
289 1263 333 1280 --
355 1229 473 1294 Parcus
489 1245 534 1294 est
552 1245 584 1292 et
604 1215 787 1318 infrequens
803 1230 839 1293 in
853 1229 986 1293 Petrum
1001 1227 1158 1294 Ecclesiae

114 1337 243 1426 placitis
252 1363 289 1405 ac
302 1343 485 1407 testimoniis
495 1339 691 1406 afferendis.
710 1341 847 1406 Historia
860 1363 991 1429 quoque
1001 1337 1158 1404 Ecclesiae
1252 1399 1256 1404 .

114 1470 150 1518 et
173 1454 335 1520 doetrinae
362 1453 557 1520 Christianae
582 1477 654 1520 raro
678 1455 783 1520 utitur
801 1453 843 1518 ad
860 1454 1049 1518 sententiam
1066 1475 1158 1518 mam

114 1564 372 1632 confirmandam
389 1565 684 1657 explimndamque.
723 1564 911 1655 Aliquando
931 1581 1036 1630 tamen
1058 1565 1091 1630 id
1108 1563 1157 1630 fe-

113 1679 182 1761 cit,
207 1694 238 1744 et
259 1696 441 1746 tumreete.
489 1679 1152 1772 Legvtc.1th.V11‚e.10,tt‚ts.

113 1790 291 1856 Causamsi
315 1794 386 1882 quis
407 1811 540 1883 quaerat
563 1817 621 1858 cnr
640 1793 673 1858 id
694 1791 760 1858 fere
778 1792 935 1870 omiserit,
960 1807 1083 1878 praeter
1098 1789 1155 1855 illa

111 1927 202 1993 quae
221 1907 334 1970 monui
354 1907 389 1972 in
409 1907 502 1972 Parte
524 1906 626 1972 Priori
651 1906 727 1990 53,
752 1903 816 1968 hoo
834 1926 966 1992 qnoque
983 1903 1157 1968 observan-

112 2017 199 2082 dum
225 2033 292 2082 est:
325 2018 570 2086 Limborchium
592 2013 994 2084 historiaeEoelestastioee
1011 2010 1156 2081 nonnisi

112 2126 211 2194 valde
231 2129 364 2196 dubiem
384 2130 481 2198 fidem
499 2130 664 2215 habuisae,
681 2132 864 2220 praesertim
880 2130 916 2194 in
929 2131 1156 2196 controversia·

111 2266 193 2306 rum
218 2243 459 2333 haeresiumque
480 2247 695 2326 enarration03
716 2267 834 2332 perum
854 2267 985 2333 quoqne
1007 2242 1153 2308 tribuisse

112 2353 265 2420 Patribus
276 2354 498 2445 Conciliisque.
524 2356 638 2442 »Quid
653 2363 737 2418 enim
749 2391 792 2404 -···
804 2379 887 2442 quae
901 2355 1023 2440 scripsit
1033 2355 1075 2418 ad
1083 2353 1157 2420 Oli·

111 2469 239 2533 varium
259 2466 375 2560 Doiley
396 2505 439 2520 -
469 2476 573 2534 notitae
592 2480 640 2532 est
660 2489 755 2557 qnam
779 2474 813 2530 in
837 2465 981 2532 omnt'dus
1003 2465 1155 2532 Comitio

112 2595 180 2645 tom
197 2590 336 2671 antiquie
349 2605 442 2672 qoam
453 2579 688 2655 recentioribus,
695 2588 839 2666 partium
860 2579 965 2644 studio
990 2592 1022 2644 et
1039 2587 1153 2644 insano

112 2693 188 2758 selo
205 2703 312 2758 omnia
321 2694 431 2782 semee
447 2693 647 2780 essegesta?
672 2691 810 2756 Ordines
826 2691 1011 2774 Generatim,
1025 2701 1080 2782 qni
1090 2717 1156 2781 par

111 2808 290 2893 Depotatos
308 2827 382 2870 roos
398 2804 527 2889 Synodo
542 2803 765 2866 Dordroeeooe
776 2807 1000 2892 praefuerunt,
1011 2813 1046 2868 io
1066 2806 1154 2870 edio-

112 2899 152 2982 to
171 2913 229 2984 suo
247 2929 357 2980 canna
378 2915 634 2982 demonstrnotes
651 2925 824 2991 testantur,
846 2935 956 2978 omnes
969 2929 1153 2980 controver-

111 3030 174 3094 sias
194 3027 234 3093 de
249 3029 395 3118 quinque
414 3024 570 3115 capitibus
593 3022 725 3114 aliisque
748 3023 791 3090 ah
807 3024 857 3090 his
877 3025 1151 3114 dependentibus,

112 3158 243 3208 mature
261 3143 296 3206 in
314 3143 430 3206 timore·
449 3140 507 3206 Dei
526 3155 558 3204 et
578 3162 616 3203 ex
640 3138 735 3226 ipsius
756 3136 857 3204 verbo
881 3163 945 3204 esse
961 3142 1154 3208 examinatas

113 3271 146 3320 et
168 3255 363 3344 dijudicatas.
392 3249 605 3341 anmſsdem
625 3251 779 3337 ejusmodi
788 3251 963 3315 ἄεσὶαναέὶο
982 3267 1151 3332 mereatur,

152 3519 161 3554 ¹
181 3523 288 3585 Paquot,
303 3521 328 3574 i.
345 3521 414 3571 laud.
434 3537 460 3584 p.
480 3521 547 3580 tto,
566 3523 598 3573 de
616 3521 747 3590 'theologia
763 3523 926 3575 Limberohii:
942 3526 1096 3591 »l'Auteury
1112 3544 1152 3580 rer

112 3620 175 3682 jette
198 3627 279 3668 tontes
303 3625 381 3666 sortes
402 3618 433 3666 de
457 3617 609 3678 Traditions,
629 3627 654 3668 et
672 3620 792 3668 s'attaehe
810 3622 970 3681 nmqnement
987 3623 1002 3669 a
1020 3620 1152 3671 PEcriture

114 3713 213 3762 sainte:
232 3712 294 3762 mais
311 3713 420 3774 lorsqu'ii
429 3712 509 3773 ,s'agit
524 3715 555 3762 de
574 3713 699 3764 dimemer
716 3715 754 3761 les
765 3714 839 3760 lieres
850 3713 1006 3774 Ceooniques
1017 3715 1104 3765 d'avec
1114 3718 1152 3766 ies

115 3807 286 3870 Apocrsphes,
314 3807 330 3856 it
356 3820 371 3856 a
395 3805 528 3856 recount
546 3807 671 3856 l'autorite'
689 3806 733 3854 des
751 3805 842 3864 Perea,
860 3814 888 3856 et
904 3808 920 3856 i
936 3809 962 3856 la
978 3787 1102 3862 'tradition
1119 3814 1151 3862 de

115 3899 231 3964 sertim,
252 3915 308 3950 sans
326 3915 352 3978 se
370 3909 459 3950 mettre
478 3915 510 3949 en
526 3901 598 3964 peine
610 3901 642 3950 de
655 3901 723 3950 lever
735 3915 784 3950 une
797 3903 971 3957 contradiction
983 3906 1004 3954 si
1015 3908 1150 3956 sensible.”

116 3998 190 4054 Quasi
209 4011 271 4059 opus
289 4004 355 4044 esset
372 3995 538 4046 demonstrare
557 3997 629 4046 aliam
648 4010 701 4046 esse
718 3997 874 4049 traditionem
887 4001 1039 4060 historicam,
1053 4001 1150 4063 dogma·

117 4094 189 4142 ticam
208 4091 297 4141 aliam!
326 4091 440 4140 Attamen
457 4099 507 4139 tam
524 4089 585 4140 salsa
602 4100 640 4140 est
661 4091 771 4154 Paquotii
790 4093 928 4145 criminatio
947 4111 1020 4158 quam
1038 4105 1075 4145 est
1093 4097 1150 4146 ridi·

115 4188 189 4244 euleu
209 4201 265 4236 nam
284 4187 340 4236 data
359 4199 433 4250 opere
452 4187 498 4236 hae
515 4187 546 4236 de
564 4201 591 4237 re
605 4189 717 4251 exposuit
737 4189 917 4250 timoratius,
930 4193 1003 4254 idque
1021 4193 1149 4243 admodum

119 4279 189 4338 rose,
210 4279 263 4331 tto.
283 4281 308 4339 1,
329 4295 352 4330 e.
373 4284 403 4339 t,
425 4281 437 4342 ς
459 4283 572 4330 tt-to,
