2959 5284
737 453 913 518 ..50-

307 635 428 722 glt'om,
450 641 659 700 arctissimam
678 647 783 700 tamn
802 636 844 704 ab
860 635 917 701 illo
937 649 1077 723 tempora
1093 630 1247 705 coluimus
1262 650 1348 706 wni-

310 755 427 814 ot'tt'om.
475 747 639 834 Eputotas
662 771 684 811 a
702 769 752 812 me
771 771 836 836 pro
846 747 1076 836 faenilt‘oritate
1098 765 1209 816 noem
1231 753 1278 816 tul
1295 761 1348 842 ip-

309 883 378 924 sum
396 867 549 946 serietas,
571 867 601 922 st·
612 868 674 924 mei
695 861 821 926 arbitrii
828 863 964 950 forent,
979 876 1052 927 tuoe
1061 864 1149 951 fidei
1162 874 1348 932 commissae

301 972 458 1060 suessent,
476 995 559 1036 nunc
575 982 725 1060 quoniam
742 975 838 1038 audio
855 976 896 1039 D.
913 976 1023 1062 Ktng,
1041 990 1137 1040 antea
1154 978 1233 1043 midi
1247 1003 1349 1066 pror·

310 1105 364 1149 eus
381 1091 541 1172 ignoutm,
563 1107 630 1149 esse
648 1094 749 1150 virum
770 1095 931 1174 egregium
950 1110 991 1152 aa
1011 1087 1189 1168 literatum,
1217 1098 1348 1180 petoque

311 1219 366 1260 eas
386 1219 421 1260 se
434 1197 583 1284 fideliter
600 1211 832 1262 asservatumm
853 1207 994 1287 recepit,
1016 1207 1050 1263 in
1069 1201 1156 1267 iltius
1164 1202 1240 1288 fide
1254 1227 1349 1270 seeu-

311 1331 366 1370 rus
386 1308 475 1373 ero.''
521 1307 649 1373 Caetera
675 1310 715 1400 de
738 1310 936 1376 Limborchii
956 1335 1032 1376 cum
1051 1312 1171 1378 Loolsio
1189 1339 1349 1381 oommer·
1474 1380 1475 1399 ¹

311 1422 359 1484 cio
378 1445 417 1484 ex
437 1423 603 1510 utriusque
620 1420 717 1486 literis
734 1423 824 1487 editis
842 1427 962 1512 optime
979 1444 1229 1515 cognoscuntur3
1245 1449 1348 1516 pauca
1474 1436 1475 1441 ’

311 1550 438 1598 tantum
466 1556 503 1598 ex
529 1559 596 1600 non
623 1535 711 1600 editis
731 1535 858 1600 addam.
907 1537 1029 1603 Notum
1049 1555 1095 1604 est
1112 1539 1348 1631 Philosophum

311 1643 572 1730 celeberrimum,
591 1647 796 1714 Limborchio
816 1650 1063 1736 interveniente,
1083 1677 1161 1718 cum
1176 1656 1246 1719 viro
1262 1679 1348 1744 quo-

312 1759 387 1824 dam
404 1759 595 1848 amplissimo
616 1761 788 1849 disputasse
804 1763 844 1827 de
861 1766 1055 1854 argumentis
1075 1790 1134 1853 pro
1151 1768 1274 1835 unitate
1287 1769 1349 1834 Dei

312 1874 391 1960 (vid.
414 1875 466 1940 ed.
488 1876 592 1941 Loud.
606 1875 693 1962 Opp.
709 1875 810 1940 Look.
828 1874 916 1942 laud.
934 1875 958 1942 l.
976 1875 1066 1944 laud.
1083 1902 1118 1966 p.
1139 1879 1346 1967 tet-tm

311 2004 344 2051 at
362 1988 434 2076 quis
452 1985 507 2053 ille
520 1987 615 2053 fuerit
632 1987 786 2053 hactenus
804 1990 898 2053 oredo
917 1991 1099 2080 ignoratum
1116 1989 1195 2073 fuit;
1211 2007 1296 2056 certe
1306 2015 1346 2055 ex

311 2099 400 2162 editis
420 2097 517 2162 literis
534 2121 601 2164 non
621 2116 761 2188 apparet.
805 2099 930 2166 Scilicet
946 2103 981 2166 in
998 2099 1127 2190 epistola
1148 2101 1346 2177 Limbotchii

311 2233 394 2300 quae
415 2208 530 2300 legitur
551 2207 575 2276 l.
599 2210 687 2276 laud.
713 2237 747 2300 p.
774 2214 838 2278 625
864 2237 934 2303 sq.‚
959 2216 1083 2302 inipso
1104 2216 1214 2300 initio,
1235 2217 1346 2281 omissa
1474 2276 1475 2287 ,

311 2339 387 2388 sunt
400 2323 478 2390 haec
495 2322 612 2389 verba:
639 2325 708 2392 »Ut
722 2340 831 2414 aperte
847 2339 949 2414 tecum
961 2351 1074 2416 αςαιη,
1089 2336 1144 2416 qui
1159 2313 1347 2417 argwneitta

312 2451 367 2502 tua
399 2438 439 2502 de
466 2446 651 2526 quaestione
664 2447 834 2526 proposita
858 2441 964 2504 videre
986 2440 1163 2519 desiderat,
1181 2453 1230 2504 est
1247 2439 1348 2504 Itono-

312 2559 490 2614 meustmm
512 2550 784 2615 consutionem
805 2566 933 2616 nostrae
952 2552 1189 2618 D.11udde¹.”
1212 2554 1296 2618 Item
1312 2555 1348 2618 in
1472 2546 1476 2573 ’

284 2658 409 2726 diteris
427 2661 623 2726 Limborcbii
644 2673 726 2750 quae
755 2661 908 2752 leguntur
932 2663 1011 2728 ibid.
1036 2687 1070 2752 p.
1095 2665 1160 2730 636
1188 2663 1348 2754 quaedam

312 2773 529 2838 desiderantur
542 2763 585 2838 ¹de
606 2775 823 2872 disputationis
842 2773 927 2841 illius
948 2778 1048 2848 exitu.
1093 2775 1230 2842 Lockius
1252 2800 1348 2867 roga·
1473 2828 1476 2863 ¹

312 2904 361 2953 rat
379 2904 417 2953 ut
438 2888 486 2976 uir
506 2886 714 2978 amplissimus
730 2912 821 2952 suam
835 2889 991 2954 unitatem
1004 2889 1064 2984 Dei
1081 2886 1264 2953 adstmeudi
1276 2913 1348 2954 me-
1474 2954 1475 2981 ¹

313 3001 538 3066 thodutneum
555 3003 623 3088 ipso
638 2998 735 3067 vellet
748 3004 982 3071 communione
997 3001 1078 3090 (vid.
1097 3000 1177 3068 ibid.
1196 3024 1231 3088 p.
1250 3002 1343 3089 ott).

312 3113 420 3180 Refest
439 3115 536 3205 igitur
559 3115 782 3180 Limborohius
801 3139 833 3180 se
850 3140 926 3181 cum
943 3118 1014 3180 viro
1028 3115 1080 3183 Cl.
1102 3113 1266 3199 Voldero,
1287 3118 1347 3206 qui
1474 3144 1475 3155 ¹

313 3225 394 3294 spite
414 3231 652 3316 supervenisset,
662 3228 772 3294 ¹vitum
782 3227 877 3294 illum
887 3229 996 3294 adiisse
1013 3245 1045 3293 et
1056 3227 1161 3294 literas
1171 3228 1348 3295 Lockianas
1375 3254 1377 3256 ·
1474 3208 1475 3251 t

312 3342 341 3409 ei
361 3343 543 3425 ostendisse3
562 3343 652 3408 hunc
670 3367 767 3426 vero,
785 3339 861 3408 alios
876 3342 1032 3435 quosdam
1048 3341 1151 3407 adesse
1166 3359 1198 3406 et
1213 3344 1348 3434 negotiis

311 3480 345 3520 se
365 3456 504 3522 distineri
522 3473 697 3538 caumatum,
707 3481 894 3544 responsum
902 3454 1074 3537 distulisse3
1096 3453 1156 3520 sibi
1168 3454 1233 3545 jam
1243 3454 1346 3520 videri
1474 3466 1475 3475 ’

313 3567 493 3640 Volderum
513 3592 582 3640 rem
601 3580 661 3637 a'ou
681 3569 834 3658 tetigisse,
852 3570 910 3658 qui
930 3568 1115 3654 eredideeit:
1132 3570 1240 3635 virum
1253 3593 1347 3659 mag..
1474 3572 1475 3659 ¹

312 3681 444 3770 nifioum
458 3704 653 3747 omnessuas
670 3681 805 3746 rationes
819 3683 884 3770 jam
899 3681 1075 3769 aperuisse,
1091 3666 1244 3771 aliudque
1261 3679 1346 3750 nihil
1474 3690 1475 3693 ’

312 3792 431 3858 habere
443 3795 532 3883 quod
545 3809 743 3886 suggereret,
756 3817 869 3860 verum
879 3795 913 3859 id
923 3791 1128 3860 dissimulare.
1138 3795 1227 3859 -In
1235 3795 1346 3860 eedem

267 4099 269 4104 .
340 4068 356 4108 ‘¹
376 4077 492 4126 vetitet
510 4075 617 4138 poffeota
635 4041 737 4127 Joanois
755 4071 845 4126 nudati
863 4077 970 4126 eruditio
985 4085 1011 4125 et
1025 4077 1080 4125 aliis
1091 4078 1191 4127 laudate
1205 4087 1245 4128 est
1256 4087 1281 4128 ot
1292 4093 1347 4129 me·

311 4171 403 4220 moriae
419 4172 513 4234 prodita
529 4183 544 4219 a
561 4167 713 4233 Wagenario'
727 4173 765 4218 tn:
786 4169 947 4232 Beeotiffidog
964 4182 1011 4218 vta
1027 4170 1198 4232 dmum,
1218 4175 1277 4223 Dee!
1296 4175 1345 4232 tt,
1474 4222 1475 4237 ¹

312 4267 705 4327 t.3.btadz.tssvotg.s01.
981 4267 985 4274 '
1033 4281 1036 4287 ’
1168 4290 1171 4297 ’
