2959 5284
694 497 892 560 -134-

310 689 450 741 Doctrinae
468 703 534 756 quae
553 686 580 734 in
597 682 770 752 applicatione
786 688 932 730 tractantur
948 679 981 730 ad
994 678 1049 730 duo
1060 680 1143 748 capita
1155 676 1311 747 reducipos·

279 794 356 847 sunt,
371 784 414 835 rel
426 782 497 833 enim
508 787 626 849 spectant
638 775 760 844 dogmata
770 775 844 839 fidei,
856 793 902 826 seu
914 776 984 826 locos
995 790 1160 835 communes,
1173 773 1217 824 vel
1228 773 1313 825 vitam

278 898 307 931 ac
321 895 418 929 moros:
439 873 580 944 Apostolus
594 873 622 924 in
638 881 752 942 quatuor
766 869 849 937 capita
865 867 1013 933 distribuit,
1029 868 1129 920 atim:
1140 869 1168 919 δι
1182 871 1231 932 lo,
1248 867 1313 921 doc-

279 975 390 1034 trinam,
404 969 636 1036 redarguitionem,
648 965 831 1018 correctionem
843 972 871 1014 et
880 964 1088 1026 institutionem,
1100 973 1128 1014 et
1140 964 1215 1016 Rom:
1229 967 1271 1016 152
1282 967 1310 1027 t,

279 1066 355 1119 addit
366 1067 506 1136 quintum,
518 1062 732 1114 consolationem.
752 1059 850 1110 Omnes
860 1059 900 1110 illi
912 1077 974 1111 usus
985 1060 1014 1111 in
1025 1059 1117 1129 quavis
1127 1059 1249 1111 concione
1258 1075 1313 1110 non

280 1171 341 1213 sunt
358 1157 513 1230 quaerendi,
534 1158 597 1209 licet
613 1156 680 1207 forte
699 1173 746 1226 per
760 1143 971 1223 consequentiam
987 1152 1123 1224 quandam
1135 1171 1168 1204 ex
1184 1152 1315 1223 aliquibus

280 1265 369 1306 textus
390 1252 590 1305 circumstantiis
612 1251 677 1332 eruiN
685 1250 799 1320 possint,
824 1248 871 1300 sed
889 1248 936 1318 qai
951 1249 1080 1318 praecipui
1100 1249 1186 1300 textui
1202 1248 1312 1311 insunt,

279 1350 386 1419 reliquis
404 1365 494 1400 eorum
514 1344 651 1408 tertuum,
670 1345 717 1414 qui
732 1361 764 1395 ex
780 1342 892 1414 professo
906 1342 941 1395 de
956 1344 988 1395 iis
1003 1353 1097 1411 agunt,
1113 1342 1262 1394 tractationi
1271 1359 1314 1393 re·

281 1446 397 1495 servatis.

315 1537 348 1587 In
362 1535 483 1588 doctrina
501 1537 580 1604 magis
599 1533 770 1604 spectandum
786 1544 839 1596 est,
859 1544 890 1585 ut
906 1532 1056 1584 adstruatur
1065 1532 1174 1595 veritas,
1192 1549 1272 1602 qaam
1283 1539 1316 1581 ut

281 1629 410 1682 refutetur
419 1647 505 1692 error;
517 1628 648 1680 adstmcta
658 1629 770 1681 veritate
779 1645 849 1679 error
863 1629 917 1697 ipse
925 1627 1064 1678 refellitur.
1083 1626 1111 1677 Si
1120 1636 1209 1677 tamen
1219 1642 1317 1676 errores

282 1723 390 1796 quidam
407 1724 479 1775 noxii
495 1725 608 1774 animose
625 1733 776 1792 spargantur
793 1723 874 1773 etiam
888 1721 930 1773 illi
949 1720 1081 1772 refutnrdi
1101 1728 1177 1782 sunt,
1195 1716 1316 1769 adhibita

282 1829 372 1870 tamen
386 1835 486 1888 semper
502 1818 704 1889 aequanimitate
714 1828 742 1870 et
750 1816 929 1870 moderatione
937 1816 1092 1868 Christiana.
1112 1799 1259 1877 Sententia,
1269 1831 1317 1865 ou-

282 1917 323 1982 jue
333 1913 519 1966 refutationem
529 1912 709 1980 adgredimur,
723 1910 835 1963 candide
845 1921 872 1963 et
882 1911 981 1962 sincere
989 1909 1220 1980 estproponeuda,
1230 1925 1317 1978 neque

284 2009 398 2078 cuipiam
411 2010 545 2079 quippiam
561 2005 777 2070 adscribendum,
788 2005 860 2076 quod
875 2023 929 2058 non
946 2005 1059 2057 libenter
1071 2022 1119 2074 pro
1129 2021 1177 2056 suo
1185 2005 1318 2072 agniturus

284 2103 343 2160 ests
369 2102 482 2169 Quando
502 2104 633 2155 sententia
646 2119 754 2154 erronea
766 2102 893 2171 premitur
907 2098 1038 2164 absurdis,
1056 2098 1250 2151 enarrantibus
1263 2115 1318 2150 non

285 2206 347 2247 sunt
363 2196 530 2266 imputanda,
545 2207 681 2266 tamquam
698 2196 809 2262 genuina
824 2196 939 2264 ipsorum
949 2194 1093 2259 sententia3
1105 2192 1152 2244 sed
1163 2192 1198 2243 ab
1208 2193 1272 2263 ipsis
1279 2211 1317 2244 er·

284 2290 385 2342 roribus
397 2292 507 2344 sollicite
518 2289 711 2358 distinguenda.
750 2289 810 2340 Non
821 2299 883 2342 sunt
894 2288 1027 2341 refutandi
1042 2305 1139 2341 errores
1148 2298 1194 2339 aut
1204 2287 1320 2340 haereses

284 2384 381 2454 populo
395 2386 513 2453 ignotae,
532 2403 566 2437 ne
582 2395 669 2436 nostra
686 2383 844 2437 refutatione
857 2385 963 2438 curiosis
978 2403 1008 2436 ac
1022 2382 1199 2455 prurientibus
1210 2382 1321 2450 ingeniis

285 2480 445 2530 occasionem
464 2479 631 2549 praebeamus
650 2481 678 2530 in
699 2497 742 2530 eas
758 2478 923 2549 inquirendi,
941 2489 986 2530 aut
1000 2478 1198 2548 simplicioribus
1213 2476 1321 2530 dubita-

285 2573 384 2624 tionem
399 2574 545 2641 injiciamus
559 2573 592 2626 de
608 2575 639 2624 iis
659 2573 755 2644 quibus
773 2573 899 2626 hactenus
916 2572 1064 2625 indubitata
1080 2571 1134 2625 fide
1150 2571 1319 2624 crediderint.

284 2665 397 2730 Quando
412 2666 504 2734 dogma
521 2667 629 2738 aliquod
643 2678 674 2719 ut
688 2667 809 2719 credatur
824 2667 859 2719 ad
874 2669 985 2720 salutem
1000 2668 1170 2721 necessarium
1183 2684 1318 2734 urgemus,

285 2770 354 2811 arcte
368 2760 558 2813 inhaerendum
574 2771 613 2813 est
630 2761 715 2814 verbis
731 2773 759 2815 et
776 2762 911 2834 phrasibus
925 2763 951 2816 S.
969 2763 1127 2834 Scripturas,
1143 2781 1229 2834 neque
1247 2763 1320 2834 quis·

286 2857 356 2926 piant
374 2856 518 2925 alligandus
533 2856 641 2908 vocibus
653 2875 682 2909 ac
698 2857 835 2929 phrasibus
850 2859 958 2930 Spiritui
970 2861 996 2912 S.
1015 2859 1108 2926 ignotis
1123 2868 1151 2910 et
1162 2859 1196 2910 ab
1205 2858 1320 2910 homini-

286 2951 364 3004 nibus
382 2952 538 3020 excogitatis.

322 3047 354 3097 In
369 3046 566 3115 reprehensione
581 3045 732 3099 adhibenda
741 3059 891 3100 estsumrna
905 3049 1065 3114 moderatio,
1081 3059 1113 3102 ut
1126 3060 1251 3102 sanentur
1259 3066 1321 3120 pec-

288 3149 405 3190 catorum
417 3139 511 3202 animi,
523 3156 577 3190 non
589 3141 781 3194 exulcerentur.
801 3143 828 3194 Si
837 3152 926 3194 tamen
935 3152 1099 3212 peecatorum
1108 3142 1254 3213 frequentia
1264 3160 1321 3194 rna·

287 3237 370 3301 jorem
379 3233 548 3286 acrimoniam
558 3235 667 3305 requirit
680 3251 709 3286 ea
718 3235 845 3303 pravitate
857 3236 958 3288 condiri
969 3236 1050 3289 debet
1059 3247 1087 3289 ct
1099 3238 1221 3303 lenitate3
1233 3246 1264 3288 ut
1273 3254 1321 3306 ap-

288 3339 377 3398 pareat
389 3347 446 3382 easn
459 3347 513 3381 non
521 3331 656 3398 provenire
669 3349 701 3382 ex
713 3332 752 3382 ira
761 3341 807 3383 aut
818 3332 932 3402 quadam
944 3333 1143 3397 malevolentia,
1156 3332 1202 3384 sed
1218 3349 1252 3384 ex
1263 3331 1321 3382 ani·

289 3441 333 3474 mo
347 3423 472 3475 charitate
486 3423 598 3477 fraterna
614 3425 730 3489 imhuto,
749 3435 778 3478 et
792 3443 840 3478 nos
852 3424 966 3478 infensos
979 3445 1033 3480 esse
1044 3444 1099 3478 non
1114 3426 1263 3480 horninibus
1275 3423 1321 3478 sed

289 3519 406 3587 peccatis.

321 3615 355 3665 ln
364 3615 535 3685 applicatione
544 3614 728 3684 promissorum
738 3633 806 3686 quae
817 3617 846 3666 in
855 3616 912 3683 lege
921 3627 949 3668 et
957 3617 1092 3686 prophetis
1100 3629 1214 3682 eruant,
1224 3617 1322 3688 juditio

290 3729 355 3780 opus
372 3721 421 3763 est.
459 3711 586 3762 Promissa
605 3709 747 3779 spiritualia
762 3710 819 3780 pios
833 3729 863 3763 ac
879 3713 1055 3781 resipiscentes
1071 3730 1144 3765 nunc
1163 3731 1219 3766 non
1235 3716 1323 3767 minus

290 3824 370 3877 quam
383 3808 445 3859 olim
461 3816 586 3876 spectant.
612 3807 809 3876 Temporalium
817 3816 907 3859 autem
915 3808 1035 3878 impletio
1046 3808 1158 3860 maxime
1166 3808 1259 3877 Remp.
1284 3808 1324 3860 ls-

290 3903 365 3954 raelis
373 3902 519 3967 concernit,
530 3902 703 3954 nihilominus
711 3902 821 3972 sapienti
830 3901 1016 3973 dispensationi
1022 3902 1127 3956 divinae
1141 3903 1265 3973 promissa
1277 3903 1322 3952 illa

291 4007 419 4050 reservata
429 4005 500 4059 sunt,
514 4006 545 4046 ut
554 4014 583 4048 ea
592 3998 672 4049 etiarn
681 3997 805 4051 fidelibus
813 4000 866 4051 suis
874 3999 1009 4063 concedat,
1020 4008 1149 4070 quantum
1160 3997 1195 4050 ad
1202 4007 1323 4050 aeternae

291 4091 381 4142 salutis
389 4091 581 4160 promotionem
590 4091 750 4145 conducunt.

327 4185 413 4237 Nimia
429 4186 565 4256 prolixitas
581 4187 725 4240 affectanda
736 4205 790 4240 non
801 4197 855 4252 est;
868 4197 980 4258 praestat
990 4185 1129 4240 Auditores
1139 4205 1154 4240 e
1164 4184 1263 4256 templo
1274 4183 1323 4236 de-

294 4281 383 4336 cedere
400 4283 475 4351 pluro
491 4280 616 4335 audiendi
632 4283 735 4345 avidos,
763 4282 891 4354 quamde
908 4282 988 4334 nimia
1006 4282 1156 4352 prolixitate
1175 4288 1321 4351 querentes.
