<?xml version="1.0" encoding="UTF-8"?>
<!DOCTYPE html PUBLIC "-//W3C//DTD XHTML 1.0 Transitional//EN"
    "http://www.w3.org/TR/xhtml1/DTD/xhtml1-transitional.dtd">
<html xmlns="http://www.w3.org/1999/xhtml" xml:lang="en" lang="en">
 <head>
  <title>
</title>
<meta http-equiv="Content-Type" content="text/html;charset=utf-8" />
  <meta name='ocr-system' content='tesseract 3.04.00' />
  <meta name='ocr-capabilities' content='ocr_page ocr_carea ocr_par ocr_line ocrx_word'/>
</head>
<body>
  <div class='ocr_page' id='page_1' title='image "./dissertatiotheo00hoevgoog_0166.png"; bbox 0 0 2959 5284; ppageno 0'>
   <div class='ocr_carea' id='block_1_1' title="bbox 697 482 895 546">
    <p class='ocr_par' dir='ltr' id='par_1_1' title="bbox 697 482 895 546">
     <span class='ocr_line' id='line_1_1' title="bbox 697 482 895 546; baseline 0.015 -3"><span class='ocrx_word' id='word_1_1' title='bbox 697 482 895 546; x_wconf 75' lang='lat'>-138-</span> 
     </span>
    </p>
   </div>
   <div class='ocr_carea' id='block_1_2' title="bbox 281 664 1320 2066">
    <p class='ocr_par' dir='ltr' id='par_1_2' title="bbox 281 664 1320 2066">
     <span class='ocr_line' id='line_1_2' title="bbox 281 664 1316 739; baseline -0.008 -17"><span class='ocrx_word' id='word_1_2' title='bbox 281 689 354 736; x_wconf 77' lang='lat' dir='ltr'>parer</span> <span class='ocrx_word' id='word_1_3' title='bbox 365 689 410 739; x_wconf 79' lang='lat' dir='ltr'>qsc</span> <span class='ocrx_word' id='word_1_4' title='bbox 415 676 496 736; x_wconf 78' lang='lat' dir='ltr'>j&#39;c&#39;tos&#39;s</span> <span class='ocrx_word' id='word_1_5' title='bbox 509 675 636 721; x_wconf 68' lang='lat' dir='ltr'>ammosa.</span> <span class='ocrx_word' id='word_1_6' title='bbox 656 667 688 719; x_wconf 87' lang='lat' dir='ltr'>Je</span> <span class='ocrx_word' id='word_1_7' title='bbox 700 683 758 718; x_wconf 85' lang='lat' dir='ltr'>crus</span> <span class='ocrx_word' id='word_1_8' title='bbox 769 664 880 718; x_wconf 83' lang='lat' dir='ltr'>d’abord</span> <span class='ocrx_word' id='word_1_9' title='bbox 890 664 957 738; x_wconf 88' lang='lat' dir='ltr'>qu&#39;il</span> <span class='ocrx_word' id='word_1_10' title='bbox 969 683 1011 718; x_wconf 88' lang='lat' dir='ltr'>me</span> <span class='ocrx_word' id='word_1_11' title='bbox 1023 667 1127 736; x_wconf 86' lang='lat' dir='ltr'>prenoit</span> <span class='ocrx_word' id='word_1_12' title='bbox 1135 682 1202 734; x_wconf 80' lang='lat' dir='ltr'>pour</span> <span class='ocrx_word' id='word_1_13' title='bbox 1211 665 1238 714; x_wconf 87' lang='lat' dir='ltr'>la</span> <span class='ocrx_word' id='word_1_14' title='bbox 1247 664 1268 716; x_wconf 75' lang='lat'>1²</span> <span class='ocrx_word' id='word_1_15' title='bbox 1269 664 1316 715; x_wconf 86' lang='lat' dir='ltr'>ille</span> 
     </span>
     <span class='ocr_line' id='line_1_3' title="bbox 283 758 1317 838; baseline -0.007 -22"><span class='ocrx_word' id='word_1_16' title='bbox 283 765 318 817; x_wconf 86' lang='lat' dir='ltr'>dc</span> <span class='ocrx_word' id='word_1_17' title='bbox 329 768 444 838; x_wconf 83' lang='lat' dir='ltr'><strong>quelque</strong></span> <span class='ocrx_word' id='word_1_18' title='bbox 460 774 544 828; x_wconf 87' lang='lat' dir='ltr'>autre,</span> <span class='ocrx_word' id='word_1_19' title='bbox 561 761 663 833; x_wconf 73' lang='lat' dir='ltr'>jusqu’d</span> <span class='ocrx_word' id='word_1_20' title='bbox 679 779 708 812; x_wconf 86' lang='lat' dir='ltr'>ce</span> <span class='ocrx_word' id='word_1_21' title='bbox 719 760 786 831; x_wconf 83' lang='lat' dir='ltr'>qu&#39;il</span> <span class='ocrx_word' id='word_1_22' title='bbox 799 760 846 812; x_wconf 83' lang='lat' dir='ltr'>erit</span> <span class='ocrx_word' id='word_1_23' title='bbox 854 761 944 829; x_wconf 76' lang='lat' dir='ltr'>ejorite</span> <span class='ocrx_word' id='word_1_24' title='bbox 953 778 989 812; x_wconf 89' lang='lat' dir='ltr'>en</span> <span class='ocrx_word' id='word_1_25' title='bbox 999 761 1078 823; x_wconf 80' lang='lat' dir='ltr'>siant,</span> <span class='ocrx_word' id='word_1_26' title='bbox 1091 758 1158 829; x_wconf 86' lang='lat' dir='ltr'>qu&#39;il</span> <span class='ocrx_word' id='word_1_27' title='bbox 1169 759 1317 810; x_wconf 80' lang='lat' dir='ltr'>semercioit</span> 
     </span>
     <span class='ocr_line' id='line_1_4' title="bbox 289 852 1316 926; baseline -0.008 -14"><span class='ocrx_word' id='word_1_28' title='bbox 289 862 355 912; x_wconf 87' lang='lat' dir='ltr'>llieu</span> <span class='ocrx_word' id='word_1_29' title='bbox 367 859 467 912; x_wconf 86' lang='lat' dir='ltr'>d’avoir</span> <span class='ocrx_word' id='word_1_30' title='bbox 483 861 549 910; x_wconf 73' lang='lat' dir='ltr'>recu</span> <span class='ocrx_word' id='word_1_31' title='bbox 559 875 630 910; x_wconf 80' lang='lat' dir='ltr'>assez</span> <span class='ocrx_word' id='word_1_32' title='bbox 641 858 802 926; x_wconf 78' lang='lat' dir='ltr'>long-temps</span> <span class='ocrx_word' id='word_1_33' title='bbox 812 874 879 926; x_wconf 86' lang='lat' dir='ltr'>pour</span> <span class='ocrx_word' id='word_1_34' title='bbox 889 856 962 908; x_wconf 84' lang='lat' dir='ltr'>avoir</span> <span class='ocrx_word' id='word_1_35' title='bbox 973 857 1018 908; x_wconf 86' lang='lat' dir='ltr'>oui</span> <span class='ocrx_word' id='word_1_36' title='bbox 1029 856 1122 907; x_wconf 83' lang='lat' dir='ltr'>truiter</span> <span class='ocrx_word' id='word_1_37' title='bbox 1132 853 1231 906; x_wconf 71' lang='lat' dir='ltr'>Mons.</span> <span class='ocrx_word' id='word_1_38' title='bbox 1243 852 1316 904; x_wconf 84' lang='lat' dir='ltr'>Gud-</span> 
     </span>
     <span class='ocr_line' id='line_1_5' title="bbox 283 939 1317 1024; baseline -0.006 -18"><span class='ocrx_word' id='word_1_39' title='bbox 283 955 367 1008; x_wconf 83' lang='lat' dir='ltr'>wortls</span> <span class='ocrx_word' id='word_1_40' title='bbox 383 972 485 1006; x_wconf 84' lang='lat' dir='ltr'>comme</span> <span class='ocrx_word' id='word_1_41' title='bbox 501 971 538 1005; x_wconf 90' lang='lat' dir='ltr'>un</span> <span class='ocrx_word' id='word_1_42' title='bbox 550 954 610 1024; x_wconf 86' lang='lat' dir='ltr'>plus</span> <span class='ocrx_word' id='word_1_43' title='bbox 621 952 702 1020; x_wconf 77' lang='lat' dir='ltr'>grand</span> <span class='ocrx_word' id='word_1_44' title='bbox 715 953 857 1021; x_wconf 85' lang='lat' dir='ltr'>lleretique</span> <span class='ocrx_word' id='word_1_45' title='bbox 865 969 920 1022; x_wconf 82' lang='lat' dir='ltr'>que</span> <span class='ocrx_word' id='word_1_46' title='bbox 930 939 1080 1003; x_wconf 54' lang='lat' dir='ltr'>luissrnkme.</span> <span class='ocrx_word' id='word_1_47' title='bbox 1113 950 1264 1020; x_wconf 78' lang='lat' dir='ltr'>lorsqueje</span> <span class='ocrx_word' id='word_1_48' title='bbox 1275 967 1317 1000; x_wconf 82' lang='lat' dir='ltr'>rs·</span> 
     </span>
     <span class='ocr_line' id='line_1_6' title="bbox 283 1042 1318 1116; baseline -0.006 -16"><span class='ocrx_word' id='word_1_49' title='bbox 283 1050 370 1100; x_wconf 80' lang='lat' dir='ltr'>contai</span> <span class='ocrx_word' id='word_1_50' title='bbox 383 1050 465 1099; x_wconf 82' lang='lat' dir='ltr'>celsis</span> <span class='ocrx_word' id='word_1_51' title='bbox 476 1065 540 1099; x_wconf 89' lang='lat' dir='ltr'>mon</span> <span class='ocrx_word' id='word_1_52' title='bbox 552 1048 631 1110; x_wconf 75' lang='lat' dir='ltr'>Pers,</span> <span class='ocrx_word' id='word_1_53' title='bbox 645 1048 667 1098; x_wconf 90' lang='lat' dir='ltr'>il</span> <span class='ocrx_word' id='word_1_54' title='bbox 678 1065 705 1098; x_wconf 87' lang='lat' dir='ltr'>se</span> <span class='ocrx_word' id='word_1_55' title='bbox 717 1048 794 1097; x_wconf 76' lang='lat' dir='ltr'>mita</span> <span class='ocrx_word' id='word_1_56' title='bbox 806 1045 916 1110; x_wconf 71' lang='lat' dir='ltr'>marne,</span> <span class='ocrx_word' id='word_1_57' title='bbox 936 1056 965 1098; x_wconf 93' lang='lat' dir='ltr'>et</span> <span class='ocrx_word' id='word_1_58' title='bbox 975 1045 1018 1097; x_wconf 89' lang='lat' dir='ltr'>dit</span> <span class='ocrx_word' id='word_1_59' title='bbox 1028 1044 1095 1116; x_wconf 90' lang='lat' dir='ltr'>qu&#39;il</span> <span class='ocrx_word' id='word_1_60' title='bbox 1106 1044 1173 1096; x_wconf 73' lang='lat' dir='ltr'>etoit</span> <span class='ocrx_word' id='word_1_61' title='bbox 1183 1045 1239 1096; x_wconf 78' lang='lat' dir='ltr'>mi</span> <span class='ocrx_word' id='word_1_62' title='bbox 1251 1042 1318 1114; x_wconf 87' lang='lat' dir='ltr'>qu’il</span> 
     </span>
     <span class='ocr_line' id='line_1_7' title="bbox 283 1137 1318 1211; baseline -0.006 -17"><span class='ocrx_word' id='word_1_63' title='bbox 283 1145 357 1196; x_wconf 83' lang='lat' dir='ltr'>avoit</span> <span class='ocrx_word' id='word_1_64' title='bbox 368 1145 411 1194; x_wconf 74' lang='lat' dir='ltr'>cte</span> <span class='ocrx_word' id='word_1_65' title='bbox 423 1145 490 1194; x_wconf 88' lang='lat' dir='ltr'>alors</span> <span class='ocrx_word' id='word_1_66' title='bbox 501 1159 570 1194; x_wconf 80' lang='lat' dir='ltr'>assez</span> <span class='ocrx_word' id='word_1_67' title='bbox 579 1141 624 1194; x_wconf 84' lang='lat' dir='ltr'>lou</span> <span class='ocrx_word' id='word_1_68' title='bbox 636 1158 703 1211; x_wconf 86' lang='lat' dir='ltr'>pom</span> <span class='ocrx_word' id='word_1_69' title='bbox 714 1140 843 1211; x_wconf 85' lang='lat' dir='ltr'>s&#39;oppcser</span> <span class='ocrx_word' id='word_1_70' title='bbox 853 1145 869 1191; x_wconf 72' lang='lat' dir='ltr'>&#39;a</span> <span class='ocrx_word' id='word_1_71' title='bbox 881 1140 1012 1194; x_wconf 77' lang='lat' dir='ltr'>l’election</span> <span class='ocrx_word' id='word_1_72' title='bbox 1023 1140 1089 1192; x_wconf 88' lang='lat' dir='ltr'>d&#39;nn</span> <span class='ocrx_word' id='word_1_73' title='bbox 1101 1137 1250 1191; x_wconf 75' lang='lat' dir='ltr'>lammede</span> <span class='ocrx_word' id='word_1_74' title='bbox 1260 1155 1318 1188; x_wconf 82' lang='lat' dir='ltr'>rne-</span> 
     </span>
     <span class='ocr_line' id='line_1_8' title="bbox 284 1234 1318 1308; baseline -0.006 -18"><span class='ocrx_word' id='word_1_75' title='bbox 284 1240 334 1290; x_wconf 86' lang='lat' dir='ltr'>rite</span> <span class='ocrx_word' id='word_1_76' title='bbox 346 1255 380 1290; x_wconf 88' lang='lat' dir='ltr'>en</span> <span class='ocrx_word' id='word_1_77' title='bbox 391 1237 481 1290; x_wconf 80' lang='lat' dir='ltr'>lavem</span> <span class='ocrx_word' id='word_1_78' title='bbox 493 1237 559 1290; x_wconf 89' lang='lat' dir='ltr'>d’un</span> <span class='ocrx_word' id='word_1_79' title='bbox 570 1238 617 1308; x_wconf 89' lang='lat' dir='ltr'>qui</span> <span class='ocrx_word' id='word_1_80' title='bbox 627 1235 689 1288; x_wconf 87' lang='lat' dir='ltr'>n’en</span> <span class='ocrx_word' id='word_1_81' title='bbox 701 1236 839 1306; x_wconf 84' lang='lat' dir='ltr'>manquoit</span> <span class='ocrx_word' id='word_1_82' title='bbox 849 1253 956 1305; x_wconf 60' lang='lat' dir='ltr'>wnon</span> <span class='ocrx_word' id='word_1_83' title='bbox 967 1236 1042 1305; x_wconf 88' lang='lat' dir='ltr'>plns,</span> <span class='ocrx_word' id='word_1_84' title='bbox 1056 1252 1103 1304; x_wconf 77' lang='lat' dir='ltr'>per</span> <span class='ocrx_word' id='word_1_85' title='bbox 1111 1234 1139 1285; x_wconf 85' lang='lat' dir='ltr'>la</span> <span class='ocrx_word' id='word_1_86' title='bbox 1149 1235 1219 1286; x_wconf 80' lang='lat' dir='ltr'>aride</span> <span class='ocrx_word' id='word_1_87' title='bbox 1230 1234 1318 1283; x_wconf 77' lang='lat' dir='ltr'>raison</span> 
     </span>
     <span class='ocr_line' id='line_1_9' title="bbox 283 1327 1318 1404; baseline -0.007 -19"><span class='ocrx_word' id='word_1_88' title='bbox 283 1351 336 1404; x_wconf 86' lang='lat' dir='ltr'>que</span> <span class='ocrx_word' id='word_1_89' title='bbox 352 1351 381 1385; x_wconf 87' lang='lat' dir='ltr'>ce</span> <span class='ocrx_word' id='word_1_90' title='bbox 397 1334 506 1404; x_wconf 82' lang='lat' dir='ltr'>premier</span> <span class='ocrx_word' id='word_1_91' title='bbox 522 1333 588 1384; x_wconf 79' lang='lat' dir='ltr'>emit</span> <span class='ocrx_word' id='word_1_92' title='bbox 604 1331 671 1384; x_wconf 81' lang='lat' dir='ltr'>dans</span> <span class='ocrx_word' id='word_1_93' title='bbox 687 1333 725 1384; x_wconf 91' lang='lat' dir='ltr'>les</span> <span class='ocrx_word' id='word_1_94' title='bbox 741 1333 885 1384; x_wconf 75' lang='lat' dir='ltr'>sentiment</span> <span class='ocrx_word' id='word_1_95' title='bbox 899 1333 935 1383; x_wconf 85' lang='lat' dir='ltr'>oia</span> <span class='ocrx_word' id='word_1_96' title='bbox 950 1333 1252 1402; x_wconf 77' lang='lat' dir='ltr'>iletcitpresentement</span> <span class='ocrx_word' id='word_1_97' title='bbox 1264 1327 1318 1378; x_wconf 86' lang='lat' dir='ltr'>lui·</span> 
     </span>
     <span class='ocr_line' id='line_1_10' title="bbox 284 1423 1318 1499; baseline -0.008 -19"><span class='ocrx_word' id='word_1_98' title='bbox 284 1429 384 1492; x_wconf 74' lang='lat' dir='ltr'>meme,</span> <span class='ocrx_word' id='word_1_99' title='bbox 398 1429 464 1480; x_wconf 80' lang='lat' dir='ltr'>mais</span> <span class='ocrx_word' id='word_1_100' title='bbox 474 1428 542 1498; x_wconf 88' lang='lat' dir='ltr'>qu&#39;il</span> <span class='ocrx_word' id='word_1_101' title='bbox 554 1427 710 1480; x_wconf 84' lang='lat' dir='ltr'>n’embrsssa</span> <span class='ocrx_word' id='word_1_102' title='bbox 722 1445 775 1498; x_wconf 87' lang='lat' dir='ltr'>que</span> <span class='ocrx_word' id='word_1_103' title='bbox 786 1429 914 1499; x_wconf 75' lang='lat' dir='ltr'>quelques</span> <span class='ocrx_word' id='word_1_104' title='bbox 924 1429 1022 1478; x_wconf 74' lang='lat' dir='ltr'>sandes</span> <span class='ocrx_word' id='word_1_105' title='bbox 1030 1430 1114 1496; x_wconf 77' lang='lat' dir='ltr'>sprec.</span> <span class='ocrx_word' id='word_1_106' title='bbox 1144 1425 1177 1476; x_wconf 83' lang='lat' dir='ltr'>Je</span> <span class='ocrx_word' id='word_1_107' title='bbox 1187 1423 1240 1494; x_wconf 86' lang='lat' dir='ltr'>pris</span> <span class='ocrx_word' id='word_1_108' title='bbox 1249 1423 1318 1473; x_wconf 80' lang='lat' dir='ltr'>alors</span> 
     </span>
     <span class='ocr_line' id='line_1_11' title="bbox 284 1518 1318 1592; baseline -0.005 -19"><span class='ocrx_word' id='word_1_109' title='bbox 284 1523 310 1572; x_wconf 87' lang='lat' dir='ltr'>la</span> <span class='ocrx_word' id='word_1_110' title='bbox 325 1523 419 1574; x_wconf 71' lang='lat' dir='ltr'>liberte</span> <span class='ocrx_word' id='word_1_111' title='bbox 431 1522 465 1574; x_wconf 85' lang='lat' dir='ltr'>de</span> <span class='ocrx_word' id='word_1_112' title='bbox 477 1524 516 1574; x_wconf 88' lang='lat' dir='ltr'>lui</span> <span class='ocrx_word' id='word_1_113' title='bbox 525 1522 585 1592; x_wconf 72' lang='lat' dir='ltr'>plioe</span> <span class='ocrx_word' id='word_1_114' title='bbox 596 1541 648 1592; x_wconf 87' lang='lat' dir='ltr'>que</span> <span class='ocrx_word' id='word_1_115' title='bbox 661 1522 752 1590; x_wconf 80' lang='lat' dir='ltr'>j&#39;avois</span> <span class='ocrx_word' id='word_1_116' title='bbox 762 1525 806 1574; x_wconf 77' lang='lat' dir='ltr'>ete</span> <span class='ocrx_word' id='word_1_117' title='bbox 818 1531 930 1573; x_wconf 78' lang='lat' dir='ltr'>soarent</span> <span class='ocrx_word' id='word_1_118' title='bbox 940 1521 1051 1590; x_wconf 82' lang='lat' dir='ltr'>mrprise</span> <span class='ocrx_word' id='word_1_119' title='bbox 1062 1518 1129 1588; x_wconf 89' lang='lat' dir='ltr'>qu&#39;il</span> <span class='ocrx_word' id='word_1_120' title='bbox 1140 1527 1188 1570; x_wconf 87' lang='lat' dir='ltr'>eut</span> <span class='ocrx_word' id='word_1_121' title='bbox 1198 1518 1234 1587; x_wconf 79' lang='lat' dir='ltr'>pir</span> <span class='ocrx_word' id='word_1_122' title='bbox 1244 1533 1318 1568; x_wconf 79' lang='lat' dir='ltr'>sous·</span> 
     </span>
     <span class='ocr_line' id='line_1_12' title="bbox 283 1612 1319 1685; baseline -0.006 -17"><span class='ocrx_word' id='word_1_123' title='bbox 283 1617 349 1668; x_wconf 86' lang='lat' dir='ltr'>crire</span> <span class='ocrx_word' id='word_1_124' title='bbox 366 1619 417 1668; x_wconf 80' lang='lat' dir='ltr'>auri</span> <span class='ocrx_word' id='word_1_125' title='bbox 435 1617 547 1668; x_wconf 77' lang='lat' dir='ltr'>Artitles</span> <span class='ocrx_word' id='word_1_126' title='bbox 558 1615 592 1668; x_wconf 89' lang='lat' dir='ltr'>de</span> <span class='ocrx_word' id='word_1_127' title='bbox 605 1616 709 1683; x_wconf 76' lang='lat' dir='ltr'>l’Eglise</span> <span class='ocrx_word' id='word_1_128' title='bbox 721 1616 878 1683; x_wconf 72' lang='lat' dir='ltr'>Anglicane3</span> <span class='ocrx_word' id='word_1_129' title='bbox 890 1616 957 1666; x_wconf 79' lang='lat' dir='ltr'>rucis</span> <span class='ocrx_word' id='word_1_130' title='bbox 967 1631 1020 1685; x_wconf 89' lang='lat' dir='ltr'>que</span> <span class='ocrx_word' id='word_1_131' title='bbox 1031 1616 1056 1682; x_wconf 87' lang='lat' dir='ltr'>je</span> <span class='ocrx_word' id='word_1_132' title='bbox 1064 1612 1164 1664; x_wconf 78' lang='lat' dir='ltr'>n&#39;svois</span> <span class='ocrx_word' id='word_1_133' title='bbox 1174 1612 1264 1681; x_wconf 79' lang='lat' dir='ltr'>jamnis</span> <span class='ocrx_word' id='word_1_134' title='bbox 1275 1613 1319 1663; x_wconf 73' lang='lat' dir='ltr'>ose</span> 
     </span>
     <span class='ocr_line' id='line_1_13' title="bbox 285 1706 1318 1783; baseline -0.005 -21"><span class='ocrx_word' id='word_1_135' title='bbox 285 1713 311 1762; x_wconf 92' lang='lat' dir='ltr'>le</span> <span class='ocrx_word' id='word_1_136' title='bbox 320 1713 471 1782; x_wconf 79' lang='lat' dir='ltr'>questiones</span> <span class='ocrx_word' id='word_1_137' title='bbox 479 1730 522 1763; x_wconf 85' lang='lat' dir='ltr'>sur</span> <span class='ocrx_word' id='word_1_138' title='bbox 530 1713 585 1763; x_wconf 89' lang='lat' dir='ltr'>cela</span> <span class='ocrx_word' id='word_1_139' title='bbox 594 1727 669 1780; x_wconf 88' lang='lat' dir='ltr'>parce</span> <span class='ocrx_word' id='word_1_140' title='bbox 677 1729 729 1783; x_wconf 87' lang='lat' dir='ltr'>que</span> <span class='ocrx_word' id='word_1_141' title='bbox 738 1714 764 1779; x_wconf 81' lang='lat' dir='ltr'>je</span> <span class='ocrx_word' id='word_1_142' title='bbox 773 1710 875 1778; x_wconf 72' lang='lat' dir='ltr'>croyois</span> <span class='ocrx_word' id='word_1_143' title='bbox 881 1709 949 1780; x_wconf 89' lang='lat' dir='ltr'>qu&#39;il</span> <span class='ocrx_word' id='word_1_144' title='bbox 956 1727 991 1761; x_wconf 90' lang='lat' dir='ltr'>ne</span> <span class='ocrx_word' id='word_1_145' title='bbox 1000 1709 1105 1780; x_wconf 87' lang='lat' dir='ltr'>pouroit</span> <span class='ocrx_word' id='word_1_146' title='bbox 1112 1709 1239 1778; x_wconf 82' lang='lat' dir='ltr'>poirstrne</span> <span class='ocrx_word' id='word_1_147' title='bbox 1250 1706 1318 1758; x_wconf 85' lang='lat' dir='ltr'>don·</span> 
     </span>
     <span class='ocr_line' id='line_1_14' title="bbox 285 1801 1320 1876; baseline -0.004 -18"><span class='ocrx_word' id='word_1_148' title='bbox 285 1823 333 1858; x_wconf 86' lang='lat' dir='ltr'>ner</span> <span class='ocrx_word' id='word_1_149' title='bbox 349 1806 383 1858; x_wconf 91' lang='lat' dir='ltr'>de</span> <span class='ocrx_word' id='word_1_150' title='bbox 400 1809 507 1876; x_wconf 73' lang='lat' dir='ltr'>reponse</span> <span class='ocrx_word' id='word_1_151' title='bbox 524 1806 703 1858; x_wconf 84' lang='lat' dir='ltr'>satislsiaante.</span> <span class='ocrx_word' id='word_1_152' title='bbox 735 1807 769 1859; x_wconf 85' lang='lat' dir='ltr'>Je</span> <span class='ocrx_word' id='word_1_153' title='bbox 786 1824 830 1857; x_wconf 82' lang='lat' dir='ltr'>nse</span> <span class='ocrx_word' id='word_1_154' title='bbox 846 1806 967 1856; x_wconf 81' lang='lat' dir='ltr'>souviens</span> <span class='ocrx_word' id='word_1_155' title='bbox 981 1804 1106 1875; x_wconf 87' lang='lat' dir='ltr'>qa’ilme</span> <span class='ocrx_word' id='word_1_156' title='bbox 1121 1802 1213 1857; x_wconf 82' lang='lat' dir='ltr'>(iiten</span> <span class='ocrx_word' id='word_1_157' title='bbox 1229 1801 1320 1854; x_wconf 82' lang='lat' dir='ltr'>laveur</span> 
     </span>
     <span class='ocr_line' id='line_1_15' title="bbox 286 1895 1319 1972; baseline -0.004 -20"><span class='ocrx_word' id='word_1_158' title='bbox 286 1899 401 1954; x_wconf 88' lang='lat' dir='ltr'>d’autres</span> <span class='ocrx_word' id='word_1_159' title='bbox 416 1919 556 1972; x_wconf 87' lang='lat' dir='ltr'>personnes</span> <span class='ocrx_word' id='word_1_160' title='bbox 571 1903 617 1972; x_wconf 90' lang='lat' dir='ltr'>qui</span> <span class='ocrx_word' id='word_1_161' title='bbox 635 1903 737 1969; x_wconf 75' lang='lat' dir='ltr'>sigrrem</span> <span class='ocrx_word' id='word_1_162' title='bbox 752 1917 795 1952; x_wconf 87' lang='lat' dir='ltr'>ees</span> <span class='ocrx_word' id='word_1_163' title='bbox 810 1900 923 1952; x_wconf 84' lang='lat' dir='ltr'>Articles</span> <span class='ocrx_word' id='word_1_164' title='bbox 937 1917 967 1951; x_wconf 84' lang='lat' dir='ltr'>ce</span> <span class='ocrx_word' id='word_1_165' title='bbox 977 1897 1059 1970; x_wconf 85' lang='lat' dir='ltr'>qu’on</span> <span class='ocrx_word' id='word_1_166' title='bbox 1069 1907 1111 1950; x_wconf 86' lang='lat' dir='ltr'>est</span> <span class='ocrx_word' id='word_1_167' title='bbox 1120 1896 1274 1950; x_wconf 71' lang='lat' dir='ltr'>mcorltume</span> <span class='ocrx_word' id='word_1_168' title='bbox 1285 1895 1319 1948; x_wconf 85' lang='lat' dir='ltr'>de</span> 
     </span>
     <span class='ocr_line' id='line_1_16' title="bbox 285 1993 1320 2066; baseline -0.002 -19"><span class='ocrx_word' id='word_1_169' title='bbox 285 1996 415 2065; x_wconf 69' lang='lat' dir='ltr'>repondre</span> <span class='ocrx_word' id='word_1_170' title='bbox 427 1996 632 2049; x_wconf 88' lang='lat' dir='ltr'>ordinairement</span> <span class='ocrx_word' id='word_1_171' title='bbox 643 2014 677 2048; x_wconf 91' lang='lat' dir='ltr'>en</span> <span class='ocrx_word' id='word_1_172' title='bbox 689 1997 772 2066; x_wconf 90' lang='lat' dir='ltr'>pareil</span> <span class='ocrx_word' id='word_1_173' title='bbox 784 2015 833 2048; x_wconf 83' lang='lat' dir='ltr'>cas.</span> <span class='ocrx_word' id='word_1_174' title='bbox 853 1997 921 2050; x_wconf 78' lang='lat' dir='ltr'>Mais</span> <span class='ocrx_word' id='word_1_175' title='bbox 930 1999 956 2065; x_wconf 87' lang='lat' dir='ltr'>je</span> <span class='ocrx_word' id='word_1_176' title='bbox 967 2013 1002 2047; x_wconf 89' lang='lat' dir='ltr'>ne</span> <span class='ocrx_word' id='word_1_177' title='bbox 1013 1996 1097 2046; x_wconf 76' lang='lat' dir='ltr'>laistei</span> <span class='ocrx_word' id='word_1_178' title='bbox 1104 2011 1151 2065; x_wconf 82' lang='lat' dir='ltr'>pes</span> <span class='ocrx_word' id='word_1_179' title='bbox 1159 1993 1244 2046; x_wconf 77' lang='lat' dir='ltr'>d&#39;sue</span> <span class='ocrx_word' id='word_1_180' title='bbox 1253 1997 1320 2046; x_wconf 77' lang='lat' dir='ltr'>tres·</span> 
     </span>
    </p>
   </div>
   <div class='ocr_carea' id='block_1_3' title="bbox 285 2091 1212 2172">
    <p class='ocr_par' dir='ltr' id='par_1_3' title="bbox 285 2091 1212 2172">
     <span class='ocr_line' id='line_1_17' title="bbox 285 2091 1212 2172; baseline 0.001 -32"><span class='ocrx_word' id='word_1_181' title='bbox 285 2100 407 2144; x_wconf 87' lang='lat' dir='ltr'>contente</span> <span class='ocrx_word' id='word_1_182' title='bbox 420 2091 485 2162; x_wconf 89' lang='lat' dir='ltr'>qu’il</span> <span class='ocrx_word' id='word_1_183' title='bbox 498 2091 543 2144; x_wconf 83' lang='lat' dir='ltr'>etit</span> <span class='ocrx_word' id='word_1_184' title='bbox 555 2093 669 2163; x_wconf 83' lang='lat' dir='ltr'><strong>quelque</strong></span> <span class='ocrx_word' id='word_1_185' title='bbox 682 2091 758 2172; x_wconf 80' lang='lat' dir='ltr'>chose</span> <span class='ocrx_word' id='word_1_186' title='bbox 770 2091 804 2144; x_wconf 89' lang='lat' dir='ltr'>de</span> <span class='ocrx_word' id='word_1_187' title='bbox 815 2093 901 2160; x_wconf 71' lang='lat' dir='ltr'>plusi</span> <span class='ocrx_word' id='word_1_188' title='bbox 913 2091 970 2143; x_wconf 90' lang='lat' dir='ltr'>dire</span> <span class='ocrx_word' id='word_1_189' title='bbox 982 2108 1048 2160; x_wconf 84' lang='lat' dir='ltr'>pour</span> <span class='ocrx_word' id='word_1_190' title='bbox 1064 2092 1212 2143; x_wconf 65' lang='lat' dir='ltr'>lui-meme.</span> 
     </span>
    </p>
   </div>
   <div class='ocr_carea' id='block_1_4' title="bbox 789 2347 822 2407">
    <p class='ocr_par' dir='ltr' id='par_1_4' title="bbox 789 2347 822 2407">
     <span class='ocr_line' id='line_1_18' title="bbox 789 2347 822 2407; baseline 0 0"><span class='ocrx_word' id='word_1_191' title='bbox 789 2347 822 2407; x_wconf 72' lang='lat'>2.</span> 
     </span>
    </p>
   </div>
   <div class='ocr_carea' id='block_1_5' title="bbox 285 2473 1348 4345">
    <p class='ocr_par' dir='ltr' id='par_1_5' title="bbox 357 2473 899 2722">
     <span class='ocr_line' id='line_1_19' title="bbox 713 2473 899 2539; baseline 0.011 -19"><span class='ocrx_word' id='word_1_192' title='bbox 713 2475 777 2539; x_wconf 76' lang='lat' dir='ltr'>(l&#39;iil.</span> <span class='ocrx_word' id='word_1_193' title='bbox 795 2491 822 2536; x_wconf 81' lang='lat' dir='ltr'>p.</span> <span class='ocrx_word' id='word_1_194' title='bbox 842 2473 899 2539; x_wconf 81' lang='lat' dir='ltr'>to).</span> 
     </span>
     <span class='ocr_line' id='line_1_20' title="bbox 357 2660 867 2722; baseline -0.004 -8"><span class='ocrx_word' id='word_1_195' title='bbox 357 2662 405 2714; x_wconf 85' lang='lat' dir='ltr'>Vir</span> <span class='ocrx_word' id='word_1_196' title='bbox 417 2662 556 2714; x_wconf 77' lang='lat' dir='ltr'><strong>clarissime</strong></span> <span class='ocrx_word' id='word_1_197' title='bbox 568 2671 595 2712; x_wconf 87' lang='lat' dir='ltr'>et</span> <span class='ocrx_word' id='word_1_198' title='bbox 607 2661 673 2712; x_wconf 90' lang='lat' dir='ltr'>mihi</span> <span class='ocrx_word' id='word_1_199' title='bbox 684 2660 867 2722; x_wconf 76' lang='lat' dir='ltr'>dilectissime,</span> 
     </span>
    </p>

    <p class='ocr_par' dir='ltr' id='par_1_6' title="bbox 285 2753 1348 4345">
     <span class='ocr_line' id='line_1_21' title="bbox 321 2753 1322 2826; baseline 0.002 -20"><span class='ocrx_word' id='word_1_200' title='bbox 321 2753 381 2806; x_wconf 86' lang='lat' dir='ltr'>Non</span> <span class='ocrx_word' id='word_1_201' title='bbox 393 2754 468 2824; x_wconf 89' lang='lat' dir='ltr'>potui</span> <span class='ocrx_word' id='word_1_202' title='bbox 480 2754 513 2804; x_wconf 88' lang='lat' dir='ltr'>D.</span> <span class='ocrx_word' id='word_1_203' title='bbox 527 2754 663 2806; x_wconf 83' lang='lat' dir='ltr'>Bruntium</span> <span class='ocrx_word' id='word_1_204' title='bbox 676 2753 738 2806; x_wconf 90' lang='lat' dir='ltr'>hiuc</span> <span class='ocrx_word' id='word_1_205' title='bbox 750 2753 885 2806; x_wconf 78' lang='lat' dir='ltr'>dimittere</span> <span class='ocrx_word' id='word_1_206' title='bbox 896 2755 962 2825; x_wconf 90' lang='lat' dir='ltr'>quin</span> <span class='ocrx_word' id='word_1_207' title='bbox 974 2765 1002 2808; x_wconf 80' lang='lat' dir='ltr'>te</span> <span class='ocrx_word' id='word_1_208' title='bbox 1015 2754 1082 2808; x_wconf 80' lang='lat' dir='ltr'>milri</span> <span class='ocrx_word' id='word_1_209' title='bbox 1094 2756 1221 2826; x_wconf 86' lang='lat' dir='ltr'>imprimis</span> <span class='ocrx_word' id='word_1_210' title='bbox 1233 2775 1322 2810; x_wconf 82' lang='lat' dir='ltr'>mmm</span> 
     </span>
     <span class='ocr_line' id='line_1_22' title="bbox 286 2847 1322 2922; baseline 0.002 -19"><span class='ocrx_word' id='word_1_211' title='bbox 286 2868 334 2922; x_wconf 84' lang='lat' dir='ltr'>per</span> <span class='ocrx_word' id='word_1_212' title='bbox 346 2851 433 2902; x_wconf 77' lang='lat' dir='ltr'>literas</span> <span class='ocrx_word' id='word_1_213' title='bbox 452 2849 643 2919; x_wconf 81' lang='lat' dir='ltr'>compellarem.</span> <span class='ocrx_word' id='word_1_214' title='bbox 672 2847 724 2914; x_wconf 86' lang='lat' dir='ltr'>Qui</span> <span class='ocrx_word' id='word_1_215' title='bbox 736 2849 782 2902; x_wconf 84' lang='lat' dir='ltr'>lses</span> <span class='ocrx_word' id='word_1_216' title='bbox 792 2848 827 2900; x_wconf 88' lang='lat' dir='ltr'>ad</span> <span class='ocrx_word' id='word_1_217' title='bbox 840 2859 867 2901; x_wconf 93' lang='lat' dir='ltr'>te</span> <span class='ocrx_word' id='word_1_218' title='bbox 879 2849 1016 2902; x_wconf 85' lang='lat' dir='ltr'>delaturus</span> <span class='ocrx_word' id='word_1_219' title='bbox 1026 2861 1067 2902; x_wconf 89' lang='lat' dir='ltr'>est</span> <span class='ocrx_word' id='word_1_220' title='bbox 1077 2860 1105 2902; x_wconf 90' lang='lat' dir='ltr'>tc</span> <span class='ocrx_word' id='word_1_221' title='bbox 1113 2852 1249 2904; x_wconf 78' lang='lat' dir='ltr'>certiorem</span> <span class='ocrx_word' id='word_1_222' title='bbox 1260 2852 1322 2905; x_wconf 84' lang='lat' dir='ltr'>red·</span> 
     </span>
     <span class='ocr_line' id='line_1_23' title="bbox 286 2944 1321 3026; baseline 0.001 -28"><span class='ocrx_word' id='word_1_223' title='bbox 286 2945 335 2998; x_wconf 93' lang='lat' dir='ltr'>det</span> <span class='ocrx_word' id='word_1_224' title='bbox 352 2944 387 2996; x_wconf 90' lang='lat' dir='ltr'>de</span> <span class='ocrx_word' id='word_1_225' title='bbox 403 2961 489 2996; x_wconf 87' lang='lat' dir='ltr'>rerum</span> <span class='ocrx_word' id='word_1_226' title='bbox 506 2954 654 2996; x_wconf 83' lang='lat' dir='ltr'>nostrarum</span> <span class='ocrx_word' id='word_1_227' title='bbox 671 2953 756 3008; x_wconf 83' lang='lat' dir='ltr'>statu,</span> <span class='ocrx_word' id='word_1_228' title='bbox 773 2945 811 2996; x_wconf 87' lang='lat' dir='ltr'>ita</span> <span class='ocrx_word' id='word_1_229' title='bbox 829 2955 860 2996; x_wconf 90' lang='lat' dir='ltr'>ut</span> <span class='ocrx_word' id='word_1_230' title='bbox 876 2947 1031 3026; x_wconf 70' lang='lat' dir='ltr'>neutiquam</span> <span class='ocrx_word' id='word_1_231' title='bbox 1050 2947 1221 2998; x_wconf 81' lang='lat' dir='ltr'>necessarium</span> <span class='ocrx_word' id='word_1_232' title='bbox 1235 2948 1271 2998; x_wconf 92' lang='lat' dir='ltr'>sit</span> <span class='ocrx_word' id='word_1_233' title='bbox 1286 2947 1321 3000; x_wconf 91' lang='lat' dir='ltr'>de</span> 
     </span>
     <span class='ocr_line' id='line_1_24' title="bbox 285 3039 1320 3113; baseline 0.006 -23"><span class='ocrx_word' id='word_1_234' title='bbox 285 3040 340 3092; x_wconf 90' lang='lat' dir='ltr'>illis</span> <span class='ocrx_word' id='word_1_235' title='bbox 356 3039 412 3090; x_wconf 83' lang='lat' dir='ltr'>lose</span> <span class='ocrx_word' id='word_1_236' title='bbox 429 3039 549 3090; x_wconf 83' lang='lat' dir='ltr'>scribere.</span> <span class='ocrx_word' id='word_1_237' title='bbox 581 3040 761 3092; x_wconf 74' lang='lat' dir='ltr'>Controversia</span> <span class='ocrx_word' id='word_1_238' title='bbox 776 3041 910 3094; x_wconf 65' lang='lat' dir='ltr'>&amp;daiam</span> <span class='ocrx_word' id='word_1_239' title='bbox 925 3059 974 3094; x_wconf 89' lang='lat' dir='ltr'>nos</span> <span class='ocrx_word' id='word_1_240' title='bbox 989 3045 1042 3111; x_wconf 87' lang='lat' dir='ltr'>jam</span> <span class='ocrx_word' id='word_1_241' title='bbox 1058 3061 1221 3113; x_wconf 81' lang='lat' dir='ltr'>mmmopere</span> <span class='ocrx_word' id='word_1_242' title='bbox 1231 3053 1320 3112; x_wconf 71' lang='lat' dir='ltr'>urget,</span> 
     </span>
     <span class='ocr_line' id='line_1_25' title="bbox 286 3131 1322 3208; baseline 0.011 -26"><span class='ocrx_word' id='word_1_243' title='bbox 286 3142 315 3182; x_wconf 81' lang='lat' dir='ltr'>et</span> <span class='ocrx_word' id='word_1_244' title='bbox 334 3132 425 3183; x_wconf 87' lang='lat' dir='ltr'>stilum</span> <span class='ocrx_word' id='word_1_245' title='bbox 440 3132 518 3182; x_wconf 90' lang='lat' dir='ltr'>illurn</span> <span class='ocrx_word' id='word_1_246' title='bbox 535 3131 685 3184; x_wconf 84' lang='lat' dir='ltr'>modestum</span> <span class='ocrx_word' id='word_1_247' title='bbox 702 3144 730 3184; x_wconf 90' lang='lat' dir='ltr'>et</span> <span class='ocrx_word' id='word_1_248' title='bbox 750 3151 811 3185; x_wconf 83' lang='lat' dir='ltr'>vere</span> <span class='ocrx_word' id='word_1_249' title='bbox 827 3134 1019 3200; x_wconf 84' lang='lat' dir='ltr'>Christianum,</span> <span class='ocrx_word' id='word_1_250' title='bbox 1038 3139 1085 3208; x_wconf 87' lang='lat' dir='ltr'>qui</span> <span class='ocrx_word' id='word_1_251' title='bbox 1100 3150 1255 3192; x_wconf 66' lang='lat' dir='ltr'>ammento</span> <span class='ocrx_word' id='word_1_252' title='bbox 1266 3151 1322 3192; x_wconf 85' lang='lat' dir='ltr'>erat</span> 
     </span>
     <span class='ocr_line' id='line_1_26' title="bbox 287 3225 1321 3296; baseline 0.008 -18"><span class='ocrx_word' id='word_1_253' title='bbox 287 3225 455 3296; x_wconf 71' lang='lat' dir='ltr'>scriptoribus</span> <span class='ocrx_word' id='word_1_254' title='bbox 466 3227 539 3278; x_wconf 85' lang='lat' dir='ltr'>illius</span> <span class='ocrx_word' id='word_1_255' title='bbox 551 3235 648 3290; x_wconf 83' lang='lat' dir='ltr'>sectae,</span> <span class='ocrx_word' id='word_1_256' title='bbox 660 3229 713 3295; x_wconf 80' lang='lat' dir='ltr'>ism</span> <span class='ocrx_word' id='word_1_257' title='bbox 725 3239 863 3281; x_wconf 79' lang='lat' dir='ltr'>mutarunt</span> <span class='ocrx_word' id='word_1_258' title='bbox 873 3239 1002 3284; x_wconf 70' lang='lat' dir='ltr'>nostrates</span> <span class='ocrx_word' id='word_1_259' title='bbox 1013 3232 1042 3282; x_wconf 93' lang='lat' dir='ltr'>in</span> <span class='ocrx_word' id='word_1_260' title='bbox 1054 3234 1188 3285; x_wconf 76' lang='lat' dir='ltr'>scurrilem</span> <span class='ocrx_word' id='word_1_261' title='bbox 1198 3244 1228 3285; x_wconf 92' lang='lat' dir='ltr'>et</span> <span class='ocrx_word' id='word_1_262' title='bbox 1238 3235 1321 3286; x_wconf 87' lang='lat' dir='ltr'>rabio-</span> 
     </span>
     <span class='ocr_line' id='line_1_27' title="bbox 287 3323 1321 3395; baseline 0.009 -22"><span class='ocrx_word' id='word_1_263' title='bbox 287 3339 355 3374; x_wconf 87' lang='lat' dir='ltr'>sum.</span> <span class='ocrx_word' id='word_1_264' title='bbox 375 3323 432 3374; x_wconf 89' lang='lat' dir='ltr'>iloc</span> <span class='ocrx_word' id='word_1_265' title='bbox 443 3323 591 3375; x_wconf 76' lang='lat' dir='ltr'>Deiotarum</span> <span class='ocrx_word' id='word_1_266' title='bbox 602 3324 735 3391; x_wconf 81' lang='lat' dir='ltr'>negotium</span> <span class='ocrx_word' id='word_1_267' title='bbox 746 3325 859 3395; x_wconf 88' lang='lat' dir='ltr'>estqui,</span> <span class='ocrx_word' id='word_1_268' title='bbox 872 3343 933 3376; x_wconf 90' lang='lat' dir='ltr'>cum</span> <span class='ocrx_word' id='word_1_269' title='bbox 943 3326 1092 3378; x_wconf 66' lang='lat' dir='ltr'>&amp;cinhnos</span> <span class='ocrx_word' id='word_1_270' title='bbox 1099 3338 1193 3395; x_wconf 73' lang='lat' dir='ltr'>urgent</span> <span class='ocrx_word' id='word_1_271' title='bbox 1202 3328 1237 3380; x_wconf 83' lang='lat' dir='ltr'>ad</span> <span class='ocrx_word' id='word_1_272' title='bbox 1249 3348 1321 3382; x_wconf 86' lang='lat' dir='ltr'>mam</span> 
     </span>
     <span class='ocr_line' id='line_1_28' title="bbox 286 3418 1322 3494; baseline 0.008 -24"><span class='ocrx_word' id='word_1_273' title='bbox 286 3437 390 3471; x_wconf 76' lang='lat' dir='ltr'>csumm</span> <span class='ocrx_word' id='word_1_274' title='bbox 402 3419 495 3472; x_wconf 84' lang='lat' dir='ltr'>acriter</span> <span class='ocrx_word' id='word_1_275' title='bbox 507 3418 713 3485; x_wconf 82' lang='lat' dir='ltr'>defendendam,</span> <span class='ocrx_word' id='word_1_276' title='bbox 726 3421 776 3490; x_wconf 88' lang='lat' dir='ltr'>ipsi</span> <span class='ocrx_word' id='word_1_277' title='bbox 788 3422 866 3490; x_wconf 86' lang='lat' dir='ltr'>plane</span> <span class='ocrx_word' id='word_1_278' title='bbox 877 3420 1012 3473; x_wconf 85' lang='lat' dir='ltr'>declarant</span> <span class='ocrx_word' id='word_1_279' title='bbox 1023 3420 1170 3476; x_wconf 78' lang='lat' dir='ltr'>doctrinam</span> <span class='ocrx_word' id='word_1_280' title='bbox 1178 3427 1322 3494; x_wconf 78' lang='lat' dir='ltr'>oppou&#39;tam</span> 
     </span>
     <span class='ocr_line' id='line_1_29' title="bbox 286 3514 1322 3587; baseline 0.008 -23"><span class='ocrx_word' id='word_1_281' title='bbox 286 3522 358 3564; x_wconf 85' lang='lat' dir='ltr'>certo</span> <span class='ocrx_word' id='word_1_282' title='bbox 370 3514 502 3566; x_wconf 85' lang='lat' dir='ltr'>contineri¹</span> <span class='ocrx_word' id='word_1_283' title='bbox 510 3515 538 3564; x_wconf 92' lang='lat' dir='ltr'>in</span> <span class='ocrx_word' id='word_1_284' title='bbox 547 3515 680 3582; x_wconf 82' lang='lat' dir='ltr'>Scriptura</span> <span class='ocrx_word' id='word_1_285' title='bbox 691 3517 734 3579; x_wconf 63' lang='lat' dir='ltr'>S„</span> <span class='ocrx_word' id='word_1_286' title='bbox 745 3535 799 3587; x_wconf 92' lang='lat' dir='ltr'>quo</span> <span class='ocrx_word' id='word_1_287' title='bbox 811 3526 886 3586; x_wconf 85' lang='lat' dir='ltr'>pacto</span> <span class='ocrx_word' id='word_1_288' title='bbox 897 3527 987 3568; x_wconf 88' lang='lat' dir='ltr'>actum</span> <span class='ocrx_word' id='word_1_289' title='bbox 998 3515 1053 3568; x_wconf 81' lang='lat' dir='ltr'>lore</span> <span class='ocrx_word' id='word_1_290' title='bbox 1062 3517 1176 3571; x_wconf 84' lang='lat' dir='ltr'>crodunt</span> <span class='ocrx_word' id='word_1_291' title='bbox 1184 3518 1218 3572; x_wconf 88' lang='lat' dir='ltr'>de</span> <span class='ocrx_word' id='word_1_292' title='bbox 1226 3520 1322 3573; x_wconf 79' lang='lat' dir='ltr'>autho-</span> 
     </span>
     <span class='ocr_line' id='line_1_30' title="bbox 287 3609 1323 3674; baseline 0.003 -10"><span class='ocrx_word' id='word_1_293' title='bbox 287 3612 366 3664; x_wconf 83' lang='lat' dir='ltr'>ritate</span> <span class='ocrx_word' id='word_1_294' title='bbox 377 3610 472 3664; x_wconf 88' lang='lat' dir='ltr'>horum</span> <span class='ocrx_word' id='word_1_295' title='bbox 485 3609 626 3674; x_wconf 87' lang='lat' dir='ltr'>librorum,</span> <span class='ocrx_word' id='word_1_296' title='bbox 646 3627 706 3662; x_wconf 90' lang='lat' dir='ltr'>curn</span> <span class='ocrx_word' id='word_1_297' title='bbox 718 3620 820 3664; x_wconf 87' lang='lat' dir='ltr'>constet</span> <span class='ocrx_word' id='word_1_298' title='bbox 832 3629 890 3662; x_wconf 89' lang='lat' dir='ltr'>eam</span> <span class='ocrx_word' id='word_1_299' title='bbox 902 3609 1049 3664; x_wconf 85' lang='lat' dir='ltr'>doctrinam</span> <span class='ocrx_word' id='word_1_300' title='bbox 1060 3614 1090 3664; x_wconf 89' lang='lat' dir='ltr'>in</span> <span class='ocrx_word' id='word_1_301' title='bbox 1100 3613 1155 3666; x_wconf 87' lang='lat' dir='ltr'>illis</span> <span class='ocrx_word' id='word_1_302' title='bbox 1166 3631 1227 3666; x_wconf 73' lang='lat' dir='ltr'>vere</span> <span class='ocrx_word' id='word_1_303' title='bbox 1235 3616 1323 3667; x_wconf 77' lang='lat' dir='ltr'>conti-¹</span> 
     </span>
     <span class='ocr_line' id='line_1_31' title="bbox 287 3705 1324 3778; baseline 0.002 -19"><span class='ocrx_word' id='word_1_304' title='bbox 287 3709 358 3771; x_wconf 88' lang='lat' dir='ltr'>neri,</span> <span class='ocrx_word' id='word_1_305' title='bbox 372 3725 439 3778; x_wconf 88' lang='lat' dir='ltr'>quse</span> <span class='ocrx_word' id='word_1_306' title='bbox 451 3717 541 3760; x_wconf 81' lang='lat' dir='ltr'>tamen</span> <span class='ocrx_word' id='word_1_307' title='bbox 550 3717 589 3760; x_wconf 89' lang='lat' dir='ltr'>est</span> <span class='ocrx_word' id='word_1_308' title='bbox 598 3705 708 3760; x_wconf 85' lang='lat' dir='ltr'>ridicula</span> <span class='ocrx_word' id='word_1_309' title='bbox 718 3717 747 3758; x_wconf 91' lang='lat' dir='ltr'>et</span> <span class='ocrx_word' id='word_1_310' title='bbox 755 3705 868 3758; x_wconf 85' lang='lat' dir='ltr'>absurda</span> <span class='ocrx_word' id='word_1_311' title='bbox 876 3705 1021 3759; x_wconf 71' lang='lat' dir='ltr'>meandum</span> <span class='ocrx_word' id='word_1_312' title='bbox 1031 3707 1187 3760; x_wconf 68' lang='lat' dir='ltr'>Sochianos.</span> <span class='ocrx_word' id='word_1_313' title='bbox 1213 3708 1324 3761; x_wconf 79' lang='lat' dir='ltr'>Accedit</span> 
     </span>
     <span class='ocr_line' id='line_1_32' title="bbox 286 3800 1324 3874; baseline 0.001 -20"><span class='ocrx_word' id='word_1_314' title='bbox 286 3800 360 3874; x_wconf 88' lang='lat' dir='ltr'>quod</span> <span class='ocrx_word' id='word_1_315' title='bbox 372 3803 500 3854; x_wconf 80' lang='lat' dir='ltr'>Socinisni</span> <span class='ocrx_word' id='word_1_316' title='bbox 512 3811 640 3854; x_wconf 80' lang='lat' dir='ltr'>nostrates</span> <span class='ocrx_word' id='word_1_317' title='bbox 651 3801 823 3869; x_wconf 79' lang='lat' dir='ltr'>Evangeliam</span> <span class='ocrx_word' id='word_1_318' title='bbox 834 3819 895 3853; x_wconf 80' lang='lat' dir='ltr'>ciam</span> <span class='ocrx_word' id='word_1_319' title='bbox 905 3802 1029 3871; x_wconf 83' lang='lat' dir='ltr'>Epistolis</span> <span class='ocrx_word' id='word_1_320' title='bbox 1039 3801 1231 3872; x_wconf 72' lang='lat' dir='ltr'>etApomlypsi</span> <span class='ocrx_word' id='word_1_321' title='bbox 1237 3804 1265 3855; x_wconf 87' lang='lat' dir='ltr'>S.</span> <span class='ocrx_word' id='word_1_322' title='bbox 1276 3803 1324 3856; x_wconf 80' lang='lat' dir='ltr'>Jo-</span> 
     </span>
     <span class='ocr_line' id='line_1_33' title="bbox 287 3895 1324 3967; baseline 0.002 -19"><span class='ocrx_word' id='word_1_323' title='bbox 287 3897 371 3950; x_wconf 83' lang='lat' dir='ltr'>hanni</span> <span class='ocrx_word' id='word_1_324' title='bbox 387 3898 521 3967; x_wconf 85' lang='lat' dir='ltr'>hucusque</span> <span class='ocrx_word' id='word_1_325' title='bbox 539 3897 646 3948; x_wconf 88' lang='lat' dir='ltr'>tributis</span> <span class='ocrx_word' id='word_1_326' title='bbox 665 3896 707 3947; x_wconf 93' lang='lat' dir='ltr'>illi</span> <span class='ocrx_word' id='word_1_327' title='bbox 723 3895 875 3964; x_wconf 81' lang='lat' dir='ltr'>abjudicant</span> <span class='ocrx_word' id='word_1_328' title='bbox 886 3905 914 3948; x_wconf 89' lang='lat' dir='ltr'>et</span> <span class='ocrx_word' id='word_1_329' title='bbox 925 3895 1080 3948; x_wconf 84' lang='lat' dir='ltr'>Cerinthum</span> <span class='ocrx_word' id='word_1_330' title='bbox 1091 3897 1324 3967; x_wconf 79' lang='lat' dir='ltr'>illsconscripsisse</span> 
     </span>
     <span class='ocr_line' id='line_1_34' title="bbox 287 3989 1348 4064; baseline 0 -20"><span class='ocrx_word' id='word_1_331' title='bbox 287 3991 462 4044; x_wconf 89' lang='lat' dir='ltr'>contendunt.</span> <span class='ocrx_word' id='word_1_332' title='bbox 482 3989 537 4042; x_wconf 86' lang='lat' dir='ltr'>Alii</span> <span class='ocrx_word' id='word_1_333' title='bbox 549 4000 611 4043; x_wconf 86' lang='lat' dir='ltr'>sunt</span> <span class='ocrx_word' id='word_1_334' title='bbox 622 3991 669 4061; x_wconf 91' lang='lat' dir='ltr'>qui</span> <span class='ocrx_word' id='word_1_335' title='bbox 680 3989 727 4040; x_wconf 81' lang='lat' dir='ltr'>hes</span> <span class='ocrx_word' id='word_1_336' title='bbox 739 3990 927 4042; x_wconf 80' lang='lat' dir='ltr'>controversias</span> <span class='ocrx_word' id='word_1_337' title='bbox 936 3991 965 4042; x_wconf 88' lang='lat' dir='ltr'>in</span> <span class='ocrx_word' id='word_1_338' title='bbox 977 3989 1146 4044; x_wconf 81' lang='lat' dir='ltr'>moderamen</span> <span class='ocrx_word' id='word_1_339' title='bbox 1157 3991 1322 4063; x_wconf 81' lang='lat' dir='ltr'>qtroruudanr</span> <span class='ocrx_word' id='word_1_340' title='bbox 1345 4059 1348 4064; x_wconf 26' lang='grc' dir='ltr'>Ι</span> 
     </span>
     <span class='ocr_line' id='line_1_35' title="bbox 288 4083 1322 4155; baseline 0.001 -18"><span class='ocrx_word' id='word_1_341' title='bbox 288 4087 473 4155; x_wconf 82' lang='lat' dir='ltr'>Episcoporum</span> <span class='ocrx_word' id='word_1_342' title='bbox 490 4101 537 4154; x_wconf 91' lang='lat' dir='ltr'>pro</span> <span class='ocrx_word' id='word_1_343' title='bbox 554 4084 691 4154; x_wconf 89' lang='lat' dir='ltr'>opprobrio</span> <span class='ocrx_word' id='word_1_344' title='bbox 707 4083 843 4151; x_wconf 88' lang='lat' dir='ltr'>rejiciunt,</span> <span class='ocrx_word' id='word_1_345' title='bbox 862 4093 891 4136; x_wconf 92' lang='lat' dir='ltr'>et</span> <span class='ocrx_word' id='word_1_346' title='bbox 907 4095 1011 4153; x_wconf 82' lang='lat' dir='ltr'>sperant</span> <span class='ocrx_word' id='word_1_347' title='bbox 1031 4103 1058 4138; x_wconf 91' lang='lat' dir='ltr'>se</span> <span class='ocrx_word' id='word_1_348' title='bbox 1077 4085 1141 4138; x_wconf 86' lang='lat' dir='ltr'>inde</span> <span class='ocrx_word' id='word_1_349' title='bbox 1164 4086 1322 4138; x_wconf 79' lang='lat' dir='ltr'>occasionem</span> 
     </span>
     <span class='ocr_line' id='line_1_36' title="bbox 290 4178 1321 4252; baseline 0 -20"><span class='ocrx_word' id='word_1_350' title='bbox 290 4188 408 4232; x_wconf 86' lang='lat' dir='ltr'>nacturos</span> <span class='ocrx_word' id='word_1_351' title='bbox 420 4180 597 4232; x_wconf 76' lang='lat' dir='ltr'>tollerantiam</span> <span class='ocrx_word' id='word_1_352' title='bbox 608 4181 768 4248; x_wconf 78' lang='lat' dir='ltr'>generalem,</span> <span class='ocrx_word' id='word_1_353' title='bbox 782 4178 831 4231; x_wconf 90' lang='lat' dir='ltr'>sub</span> <span class='ocrx_word' id='word_1_354' title='bbox 842 4197 895 4250; x_wconf 90' lang='lat' dir='ltr'>qua</span> <span class='ocrx_word' id='word_1_355' title='bbox 905 4184 960 4248; x_wconf 89' lang='lat' dir='ltr'>jam</span> <span class='ocrx_word' id='word_1_356' title='bbox 968 4179 1053 4232; x_wconf 79' lang='lat' dir='ltr'>felices</span> <span class='ocrx_word' id='word_1_357' title='bbox 1064 4192 1093 4233; x_wconf 87' lang='lat' dir='ltr'>et</span> <span class='ocrx_word' id='word_1_358' title='bbox 1104 4183 1187 4252; x_wconf 83' lang='lat' dir='ltr'>pacati</span> <span class='ocrx_word' id='word_1_359' title='bbox 1197 4181 1321 4243; x_wconf 81' lang='lat' dir='ltr'>vivimus,</span> 
     </span>
     <span class='ocr_line' id='line_1_37' title="bbox 289 4273 1323 4345; baseline 0.004 -23"><span class='ocrx_word' id='word_1_360' title='bbox 289 4273 432 4326; x_wconf 68' lang='lat' dir='ltr'>evertendi.</span> <span class='ocrx_word' id='word_1_361' title='bbox 454 4275 520 4328; x_wconf 86' lang='lat' dir='ltr'>Cum</span> <span class='ocrx_word' id='word_1_362' title='bbox 531 4274 592 4328; x_wconf 84' lang='lat' dir='ltr'>haec</span> <span class='ocrx_word' id='word_1_363' title='bbox 605 4275 686 4328; x_wconf 82' lang='lat' dir='ltr'>scribo</span> <span class='ocrx_word' id='word_1_364' title='bbox 696 4285 754 4330; x_wconf 87' lang='lat' dir='ltr'>tuas</span> <span class='ocrx_word' id='word_1_365' title='bbox 762 4273 798 4326; x_wconf 86' lang='lat' dir='ltr'>sd</span> <span class='ocrx_word' id='word_1_366' title='bbox 807 4293 849 4327; x_wconf 90' lang='lat' dir='ltr'>me</span> <span class='ocrx_word' id='word_1_367' title='bbox 859 4273 943 4326; x_wconf 86' lang='lat' dir='ltr'>desert</span> <span class='ocrx_word' id='word_1_368' title='bbox 952 4277 1186 4345; x_wconf 71' lang='lat' dir='ltr'>§tivenisingeuuus</span> <span class='ocrx_word' id='word_1_369' title='bbox 1194 4277 1227 4329; x_wconf 84' lang='lat' dir='ltr'>D.</span> <span class='ocrx_word' id='word_1_370' title='bbox 1237 4276 1323 4330; x_wconf 78' lang='lat' dir='ltr'>Terue</span> 
     </span>
    </p>
   </div>
   <div class='ocr_carea' id='block_1_6' title="bbox 0 0 1493 5284">
    <p class='ocr_par' dir='ltr' id='par_1_7' title="bbox 0 0 1493 5284">
     <span class='ocr_line' id='line_1_38' title="bbox 0 0 1493 5284; baseline 0 0"><span class='ocrx_word' id='word_1_371' title='bbox 0 0 1493 5284; x_wconf 95' lang='lat' dir='ltr'> </span> 
     </span>
    </p>
   </div>
  </div>
 </body>
</html>
