<?xml version="1.0" encoding="UTF-8"?>
<!DOCTYPE html PUBLIC "-//W3C//DTD XHTML 1.0 Transitional//EN"
    "http://www.w3.org/TR/xhtml1/DTD/xhtml1-transitional.dtd">
<html xmlns="http://www.w3.org/1999/xhtml" xml:lang="en" lang="en">
 <head>
  <title>
</title>
<meta http-equiv="Content-Type" content="text/html;charset=utf-8" />
  <meta name='ocr-system' content='tesseract 3.04.00' />
  <meta name='ocr-capabilities' content='ocr_page ocr_carea ocr_par ocr_line ocrx_word'/>
</head>
<body>
  <div class='ocr_page' id='page_1' title='image "./dissertatiotheo00hoevgoog_0061.png"; bbox 0 0 2959 5284; ppageno 0'>
   <div class='ocr_carea' id='block_1_1' title="bbox 582 487 758 550">
    <p class='ocr_par' dir='ltr' id='par_1_1' title="bbox 582 487 758 550">
     <span class='ocr_line' id='line_1_1' title="bbox 582 487 758 550; baseline 0 -16"><span class='ocrx_word' id='word_1_1' title='bbox 582 487 758 550; x_wconf 76' lang='lat'><strong>..33-</strong></span> 
     </span>
    </p>
   </div>
   <div class='ocr_carea' id='block_1_2' title="bbox 143 669 1184 4240">
    <p class='ocr_par' dir='ltr' id='par_1_2' title="bbox 143 669 1184 4126">
     <span class='ocr_line' id='line_1_2' title="bbox 195 669 1181 761; baseline -0.002 -23"><span class='ocrx_word' id='word_1_2' title='bbox 195 671 256 738; x_wconf 82' lang='lat' dir='ltr'><strong>Vir</strong></span> <span class='ocrx_word' id='word_1_3' title='bbox 276 671 408 760; x_wconf 82' lang='lat' dir='ltr'><strong>quidam</strong></span> <span class='ocrx_word' id='word_1_4' title='bbox 430 672 488 761; x_wconf 90' lang='lat' dir='ltr'><strong>qui</strong></span> <span class='ocrx_word' id='word_1_5' title='bbox 514 671 710 736; x_wconf 78' lang='lat' dir='ltr'><strong>histrioniam</strong></span> <span class='ocrx_word' id='word_1_6' title='bbox 733 669 866 735; x_wconf 81' lang='lat' dir='ltr'><strong>faciebat</strong></span> <span class='ocrx_word' id='word_1_7' title='bbox 884 693 963 736; x_wconf 79' lang='lat' dir='ltr'><strong>eum</strong></span> <span class='ocrx_word' id='word_1_8' title='bbox 983 693 1089 736; x_wconf 87' lang='lat' dir='ltr'><strong>sorore</strong></span> <span class='ocrx_word' id='word_1_9' title='bbox 1106 695 1181 755; x_wconf 80' lang='lat' dir='ltr'><strong>sna,</strong></span> 
     </span>
     <span class='ocr_line' id='line_1_3' title="bbox 151 782 1183 874; baseline 0.002 -28"><span class='ocrx_word' id='word_1_10' title='bbox 151 782 252 846; x_wconf 91' lang='lat' dir='ltr'><strong>eidem</strong></span> <span class='ocrx_word' id='word_1_11' title='bbox 273 783 356 848; x_wconf 88' lang='lat' dir='ltr'><strong>vitae</strong></span> <span class='ocrx_word' id='word_1_12' title='bbox 378 785 486 874; x_wconf 82' lang='lat' dir='ltr'><strong>generi</strong></span> <span class='ocrx_word' id='word_1_13' title='bbox 508 783 651 862; x_wconf 82' lang='lat' dir='ltr'><strong>addicta,</strong></span> <span class='ocrx_word' id='word_1_14' title='bbox 675 805 762 848; x_wconf 87' lang='lat' dir='ltr'><strong>anno</strong></span> <span class='ocrx_word' id='word_1_15' title='bbox 790 783 876 849; x_wconf 76' lang='grc'>1699</span> <span class='ocrx_word' id='word_1_16' title='bbox 899 805 1005 850; x_wconf 88' lang='lat' dir='ltr'><strong>ooram</strong></span> <span class='ocrx_word' id='word_1_17' title='bbox 1034 783 1183 874; x_wconf 76' lang='lat' dir='ltr'><strong>synedrio</strong></span> 
     </span>
     <span class='ocr_line' id='line_1_4' title="bbox 149 893 1182 986; baseline 0 -26"><span class='ocrx_word' id='word_1_18' title='bbox 149 893 296 960; x_wconf 81' lang='lat' dir='ltr'><strong>ecelesiae</strong></span> <span class='ocrx_word' id='word_1_19' title='bbox 322 895 471 986; x_wconf 88' lang='lat' dir='ltr'><strong>Haganae</strong></span> <span class='ocrx_word' id='word_1_20' title='bbox 502 893 695 962; x_wconf 81' lang='lat' dir='ltr'><strong>Christianos</strong></span> <span class='ocrx_word' id='word_1_21' title='bbox 724 911 758 959; x_wconf 91' lang='lat' dir='ltr'><strong>et</strong></span> <span class='ocrx_word' id='word_1_22' title='bbox 783 896 1037 960; x_wconf 82' lang='lat' dir='ltr'><strong>Remonstrantes</strong></span> <span class='ocrx_word' id='word_1_23' title='bbox 1052 919 1086 961; x_wconf 89' lang='lat' dir='ltr'><strong>se</strong></span> <span class='ocrx_word' id='word_1_24' title='bbox 1104 919 1182 984; x_wconf 77' lang='lat' dir='ltr'><strong>pro-</strong></span> 
     </span>
     <span class='ocr_line' id='line_1_5' title="bbox 149 1005 1182 1099; baseline 0.004 -28"><span class='ocrx_word' id='word_1_25' title='bbox 149 1005 220 1072; x_wconf 79' lang='lat' dir='ltr'><strong>fessi</strong></span> <span class='ocrx_word' id='word_1_26' title='bbox 242 1024 348 1090; x_wconf 88' lang='lat' dir='ltr'><strong>erant,</strong></span> <span class='ocrx_word' id='word_1_27' title='bbox 381 1025 593 1099; x_wconf 75' lang='lat' dir='ltr'><strong>rogarentque</strong></span> <span class='ocrx_word' id='word_1_28' title='bbox 617 1023 656 1072; x_wconf 91' lang='lat' dir='ltr'><strong>ut</strong></span> <span class='ocrx_word' id='word_1_29' title='bbox 686 1007 727 1072; x_wconf 89' lang='lat' dir='ltr'><strong>ad</strong></span> <span class='ocrx_word' id='word_1_30' title='bbox 753 1006 865 1074; x_wconf 81' lang='lat' dir='ltr'>Sacrae</span> <span class='ocrx_word' id='word_1_31' title='bbox 887 1006 1012 1072; x_wconf 85' lang='lat' dir='ltr'><strong>Goenae</strong></span> <span class='ocrx_word' id='word_1_32' title='bbox 1035 1031 1182 1074; x_wconf 85' lang='lat' dir='ltr'><strong>commu-</strong></span> 
     </span>
     <span class='ocr_line' id='line_1_6' title="bbox 149 1119 1184 1208; baseline 0.004 -24"><span class='ocrx_word' id='word_1_33' title='bbox 149 1121 279 1184; x_wconf 88' lang='lat' dir='ltr'><strong>nionem</strong></span> <span class='ocrx_word' id='word_1_34' title='bbox 298 1120 554 1186; x_wconf 70' lang='lat' dir='ltr'><strong>admitterentur.</strong></span> <span class='ocrx_word' id='word_1_35' title='bbox 598 1121 659 1186; x_wconf 87' lang='lat' dir='ltr'><strong>Res</strong></span> <span class='ocrx_word' id='word_1_36' title='bbox 679 1143 716 1208; x_wconf 87' lang='lat' dir='ltr'><strong>eo</strong></span> <span class='ocrx_word' id='word_1_37' title='bbox 737 1120 869 1208; x_wconf 81' lang='lat' dir='ltr'><strong>quidem</strong></span> <span class='ocrx_word' id='word_1_38' title='bbox 887 1135 1031 1208; x_wconf 86' lang='lat' dir='ltr'><strong>tempore</strong></span> <span class='ocrx_word' id='word_1_39' title='bbox 1045 1119 1184 1188; x_wconf 85' lang='lat' dir='ltr'><strong>insoleus</strong></span> 
     </span>
     <span class='ocr_line' id='line_1_7' title="bbox 148 1229 1184 1332; baseline 0.005 -36"><span class='ocrx_word' id='word_1_40' title='bbox 148 1248 184 1296; x_wconf 87' lang='lat' dir='ltr'><strong>et.</strong></span> <span class='ocrx_word' id='word_1_41' title='bbox 200 1232 353 1297; x_wconf 85' lang='lat' dir='ltr'><strong>inaudita.</strong></span> <span class='ocrx_word' id='word_1_42' title='bbox 401 1230 629 1332; x_wconf 76' lang='lat' dir='ltr'><strong>Difficultatem</strong></span> <span class='ocrx_word' id='word_1_43' title='bbox 654 1230 793 1320; x_wconf 86' lang='lat' dir='ltr'><strong>augebat</strong></span> <span class='ocrx_word' id='word_1_44' title='bbox 810 1231 900 1320; x_wconf 88' lang='lat' dir='ltr'><strong>quod</strong></span> <span class='ocrx_word' id='word_1_45' title='bbox 920 1229 1019 1324; x_wconf 80' lang='lat' dir='ltr'><strong>vulgo</strong></span> <span class='ocrx_word' id='word_1_46' title='bbox 1036 1249 1115 1300; x_wconf 87' lang='lat' dir='ltr'><strong>tune</strong></span> <span class='ocrx_word' id='word_1_47' title='bbox 1133 1232 1184 1300; x_wconf 83' lang='lat' dir='ltr'><strong>fa·</strong></span> 
     </span>
     <span class='ocr_line' id='line_1_8' title="bbox 148 1342 1183 1432; baseline 0 -22"><span class='ocrx_word' id='word_1_48' title='bbox 148 1342 246 1410; x_wconf 85' lang='lat' dir='ltr'><strong>bulee</strong></span> <span class='ocrx_word' id='word_1_49' title='bbox 264 1343 463 1410; x_wconf 84' lang='lat' dir='ltr'><strong>docebantur</strong></span> <span class='ocrx_word' id='word_1_50' title='bbox 482 1361 549 1408; x_wconf 85' lang='lat' dir='ltr'><strong>tam</strong></span> <span class='ocrx_word' id='word_1_51' title='bbox 564 1343 749 1410; x_wconf 74' lang='lat' dir='ltr'><strong>inhonestae</strong></span> <span class='ocrx_word' id='word_1_52' title='bbox 770 1360 802 1408; x_wconf 89' lang='lat' dir='ltr'><strong>et</strong></span> <span class='ocrx_word' id='word_1_53' title='bbox 818 1359 944 1431; x_wconf 83' lang='lat' dir='ltr'><strong>turpes,</strong></span> <span class='ocrx_word' id='word_1_54' title='bbox 967 1360 1006 1408; x_wconf 90' lang='lat' dir='ltr'><strong>ut</strong></span> <span class='ocrx_word' id='word_1_55' title='bbox 1028 1361 1134 1432; x_wconf 82' lang='lat' dir='ltr'><strong>partes</strong></span> <span class='ocrx_word' id='word_1_56' title='bbox 1147 1347 1183 1410; x_wconf 91' lang='lat' dir='ltr'><strong>in</strong></span> 
     </span>
     <span class='ocr_line' id='line_1_9' title="bbox 148 1455 1183 1546; baseline 0.001 -27"><span class='ocrx_word' id='word_1_57' title='bbox 148 1456 186 1520; x_wconf 86' lang='lat' dir='ltr'><strong>iis</strong></span> <span class='ocrx_word' id='word_1_58' title='bbox 204 1479 297 1546; x_wconf 87' lang='lat' dir='ltr'><strong>agere</strong></span> <span class='ocrx_word' id='word_1_59' title='bbox 312 1458 380 1522; x_wconf 86' lang='lat' dir='ltr'><strong>sine</strong></span> <span class='ocrx_word' id='word_1_60' title='bbox 392 1479 521 1522; x_wconf 89' lang='lat' dir='ltr'><strong>morum</strong></span> <span class='ocrx_word' id='word_1_61' title='bbox 536 1479 669 1522; x_wconf 84' lang='lat' dir='ltr'><strong>suorum</strong></span> <span class='ocrx_word' id='word_1_62' title='bbox 688 1455 869 1545; x_wconf 78' lang='lat' dir='ltr'><strong>corruptela</strong></span> <span class='ocrx_word' id='word_1_63' title='bbox 889 1456 1100 1522; x_wconf 80' lang='lat' dir='ltr'><strong>ethonomus</strong></span> <span class='ocrx_word' id='word_1_64' title='bbox 1111 1479 1183 1521; x_wconf 88' lang='lat' dir='ltr'><strong>om-</strong></span> 
     </span>
     <span class='ocr_line' id='line_1_10' title="bbox 148 1570 1182 1661; baseline 0 -26"><span class='ocrx_word' id='word_1_65' title='bbox 148 1572 241 1636; x_wconf 89' lang='lat' dir='ltr'><strong>nium</strong></span> <span class='ocrx_word' id='word_1_66' title='bbox 259 1571 431 1638; x_wconf 82' lang='lat' dir='ltr'><strong>offensione</strong></span> <span class='ocrx_word' id='word_1_67' title='bbox 450 1574 503 1638; x_wconf 84' lang='lat' dir='ltr'><strong>vix</strong></span> <span class='ocrx_word' id='word_1_68' title='bbox 518 1571 644 1660; x_wconf 83' lang='lat' dir='ltr'><strong>possent</strong></span> <span class='ocrx_word' id='word_1_69' title='bbox 657 1573 811 1638; x_wconf 81' lang='lat' dir='ltr'><strong>comoedi.</strong></span> <span class='ocrx_word' id='word_1_70' title='bbox 836 1570 968 1638; x_wconf 87' lang='lat' dir='ltr'><strong>Nicolao</strong></span> <span class='ocrx_word' id='word_1_71' title='bbox 982 1573 1182 1661; x_wconf 74' lang='lat' dir='ltr'><strong>Bugmunno</strong></span> 
     </span>
     <span class='ocr_line' id='line_1_11' title="bbox 147 1681 1182 1775; baseline -0.004 -25"><span class='ocrx_word' id='word_1_72' title='bbox 147 1683 192 1750; x_wconf 96' lang='lat' dir='ltr'><strong>V.</strong></span> <span class='ocrx_word' id='word_1_73' title='bbox 215 1685 257 1748; x_wconf 89' lang='lat' dir='ltr'><strong>D.</strong></span> <span class='ocrx_word' id='word_1_74' title='bbox 280 1685 329 1750; x_wconf 89' lang='lat' dir='ltr'><strong>M.</strong></span> <span class='ocrx_word' id='word_1_75' title='bbox 355 1709 375 1748; x_wconf 88' lang='lat' dir='ltr'><strong>a</strong></span> <span class='ocrx_word' id='word_1_76' title='bbox 396 1684 542 1775; x_wconf 83' lang='lat' dir='ltr'><strong>synedrio</strong></span> <span class='ocrx_word' id='word_1_77' title='bbox 563 1685 753 1750; x_wconf 86' lang='lat' dir='ltr'><strong>mandatum</strong></span> <span class='ocrx_word' id='word_1_78' title='bbox 776 1682 839 1750; x_wconf 80' lang='lat' dir='ltr'><strong>fuit</strong></span> <span class='ocrx_word' id='word_1_79' title='bbox 856 1701 896 1749; x_wconf 91' lang='lat' dir='ltr'><strong>ut</strong></span> <span class='ocrx_word' id='word_1_80' title='bbox 911 1682 1010 1749; x_wconf 81' lang='lat' dir='ltr'><strong>literis</strong></span> <span class='ocrx_word' id='word_1_81' title='bbox 1030 1681 1182 1748; x_wconf 90' lang='lat' dir='ltr'><strong>Limhor·</strong></span> 
     </span>
     <span class='ocr_line' id='line_1_12' title="bbox 147 1794 1182 1885; baseline 0 -25"><span class='ocrx_word' id='word_1_82' title='bbox 147 1795 259 1860; x_wconf 87' lang='lat' dir='ltr'><strong>chium</strong></span> <span class='ocrx_word' id='word_1_83' title='bbox 284 1794 471 1862; x_wconf 85' lang='lat' dir='ltr'><strong>consuleret.</strong></span> <span class='ocrx_word' id='word_1_84' title='bbox 526 1796 587 1860; x_wconf 91' lang='lat' dir='ltr'><strong>Hic</strong></span> <span class='ocrx_word' id='word_1_85' title='bbox 613 1796 759 1860; x_wconf 86' lang='lat' dir='ltr'><strong>homiues</strong></span> <span class='ocrx_word' id='word_1_86' title='bbox 784 1794 876 1878; x_wconf 89' lang='lat' dir='ltr'><strong>illos,</strong></span> <span class='ocrx_word' id='word_1_87' title='bbox 902 1797 963 1862; x_wconf 85' lang='lat' dir='ltr'><strong>nisi</strong></span> <span class='ocrx_word' id='word_1_88' title='bbox 982 1797 1066 1862; x_wconf 79' lang='lat' dir='ltr'><strong>ritae</strong></span> <span class='ocrx_word' id='word_1_89' title='bbox 1081 1817 1182 1885; x_wconf 86' lang='lat' dir='ltr'><strong>genus</strong></span> 
     </span>
     <span class='ocr_line' id='line_1_13' title="bbox 146 1906 1183 1995; baseline -0.003 -22"><span class='ocrx_word' id='word_1_90' title='bbox 146 1925 273 1974; x_wconf 85' lang='lat' dir='ltr'><strong>mutare</strong></span> <span class='ocrx_word' id='word_1_91' title='bbox 303 1906 442 1990; x_wconf 83' lang='lat' dir='ltr'><strong>vellent,</strong></span> <span class='ocrx_word' id='word_1_92' title='bbox 475 1930 542 1973; x_wconf 89' lang='lat' dir='ltr'><strong>non</strong></span> <span class='ocrx_word' id='word_1_93' title='bbox 567 1907 778 1972; x_wconf 88' lang='lat' dir='ltr'><strong>admittendos</strong></span> <span class='ocrx_word' id='word_1_94' title='bbox 798 1907 930 1971; x_wconf 88' lang='lat' dir='ltr'><strong>censuit.</strong></span> <span class='ocrx_word' id='word_1_95' title='bbox 977 1907 1183 1995; x_wconf 76' lang='lat' dir='ltr'><strong>Quamquam</strong></span> 
     </span>
     <span class='ocr_line' id='line_1_14' title="bbox 147 2017 1183 2110; baseline -0.003 -25"><span class='ocrx_word' id='word_1_96' title='bbox 147 2023 234 2086; x_wconf 88' lang='lat' dir='ltr'><strong>enim</strong></span> <span class='ocrx_word' id='word_1_97' title='bbox 248 2045 306 2110; x_wconf 89' lang='lat' dir='ltr'><strong>per</strong></span> <span class='ocrx_word' id='word_1_98' title='bbox 324 2045 356 2086; x_wconf 89' lang='lat' dir='ltr'><strong>se</strong></span> <span class='ocrx_word' id='word_1_99' title='bbox 372 2020 570 2086; x_wconf 84' lang='lat' dir='ltr'><strong>histrioniam</strong></span> <span class='ocrx_word' id='word_1_100' title='bbox 588 2042 655 2085; x_wconf 90' lang='lat' dir='ltr'><strong>non</strong></span> <span class='ocrx_word' id='word_1_101' title='bbox 677 2017 821 2084; x_wconf 81' lang='lat' dir='ltr'><strong>illicitam</strong></span> <span class='ocrx_word' id='word_1_102' title='bbox 837 2020 1008 2108; x_wconf 73' lang='lat' dir='ltr'><strong>judicaret,</strong></span> <span class='ocrx_word' id='word_1_103' title='bbox 1031 2020 1098 2084; x_wconf 89' lang='lat' dir='ltr'><strong>imo</strong></span> <span class='ocrx_word' id='word_1_104' title='bbox 1116 2021 1183 2083; x_wconf 88' lang='lat' dir='ltr'><strong>uti-</strong></span> 
     </span>
     <span class='ocr_line' id='line_1_15' title="bbox 147 2130 1181 2224; baseline 0 -26"><span class='ocrx_word' id='word_1_105' title='bbox 147 2131 233 2217; x_wconf 85' lang='lat' dir='ltr'><strong>lem,</strong></span> <span class='ocrx_word' id='word_1_106' title='bbox 266 2135 291 2198; x_wconf 91' lang='lat' dir='ltr'><strong>si</strong></span> <span class='ocrx_word' id='word_1_107' title='bbox 320 2149 419 2200; x_wconf 84' lang='lat' dir='ltr'><strong>castae</strong></span> <span class='ocrx_word' id='word_1_108' title='bbox 449 2132 625 2224; x_wconf 78' lang='lat' dir='ltr'><strong>tragoediae</strong></span> <span class='ocrx_word' id='word_1_109' title='bbox 654 2130 706 2198; x_wconf 84' lang='lat' dir='ltr'><strong>vel</strong></span> <span class='ocrx_word' id='word_1_110' title='bbox 736 2131 915 2197; x_wconf 86' lang='lat' dir='ltr'><strong>comoediae</strong></span> <span class='ocrx_word' id='word_1_111' title='bbox 936 2133 1032 2198; x_wconf 85' lang='lat' dir='ltr'><strong>etiam</strong></span> <span class='ocrx_word' id='word_1_112' title='bbox 1047 2131 1181 2220; x_wconf 81' lang='lat' dir='ltr'><strong>pudicae</strong></span> 
     </span>
     <span class='ocr_line' id='line_1_16' title="bbox 147 2242 1181 2333; baseline -0.002 -23"><span class='ocrx_word' id='word_1_113' title='bbox 147 2247 183 2310; x_wconf 89' lang='lat' dir='ltr'><strong>in</strong></span> <span class='ocrx_word' id='word_1_114' title='bbox 213 2268 338 2310; x_wconf 82' lang='lat' dir='ltr'><strong>socnam</strong></span> <span class='ocrx_word' id='word_1_115' title='bbox 368 2246 641 2333; x_wconf 80' lang='lat' dir='ltr'><strong>producerentur,</strong></span> <span class='ocrx_word' id='word_1_116' title='bbox 675 2242 843 2332; x_wconf 84' lang='lat' dir='ltr'><strong>plerasque</strong></span> <span class='ocrx_word' id='word_1_117' title='bbox 863 2259 971 2310; x_wconf 89' lang='lat' dir='ltr'><strong>tamen</strong></span> <span class='ocrx_word' id='word_1_118' title='bbox 991 2242 1117 2310; x_wconf 75' lang='lat' dir='ltr'><strong>fabulas</strong></span> <span class='ocrx_word' id='word_1_119' title='bbox 1136 2245 1181 2309; x_wconf 81' lang='lat' dir='ltr'><strong>ita</strong></span> 
     </span>
     <span class='ocr_line' id='line_1_17' title="bbox 148 2355 1182 2446; baseline -0.001 -23"><span class='ocrx_word' id='word_1_120' title='bbox 148 2375 257 2445; x_wconf 86' lang='lat' dir='ltr'><strong>turpes</strong></span> <span class='ocrx_word' id='word_1_121' title='bbox 284 2381 347 2422; x_wconf 89' lang='lat' dir='ltr'><strong>esse</strong></span> <span class='ocrx_word' id='word_1_122' title='bbox 374 2357 624 2446; x_wconf 88' lang='lat' dir='ltr'><strong>histrionemque</strong></span> <span class='ocrx_word' id='word_1_123' title='bbox 652 2371 700 2420; x_wconf 90' lang='lat' dir='ltr'><strong>tot</strong></span> <span class='ocrx_word' id='word_1_124' title='bbox 725 2355 825 2421; x_wconf 84' lang='lat' dir='ltr'><strong>verba</strong></span> <span class='ocrx_word' id='word_1_125' title='bbox 850 2371 953 2443; x_wconf 88' lang='lat' dir='ltr'><strong>nupta</strong></span> <span class='ocrx_word' id='word_1_126' title='bbox 977 2355 1104 2446; x_wconf 89' lang='lat' dir='ltr'><strong>eloqui,</strong></span> <span class='ocrx_word' id='word_1_127' title='bbox 1133 2373 1182 2422; x_wconf 90' lang='lat' dir='ltr'><strong>tot</strong></span> 
     </span>
     <span class='ocr_line' id='line_1_18' title="bbox 147 2467 1181 2561; baseline -0.003 -25"><span class='ocrx_word' id='word_1_128' title='bbox 147 2470 298 2536; x_wconf 88' lang='lat' dir='ltr'><strong>obscenos</strong></span> <span class='ocrx_word' id='word_1_129' title='bbox 317 2486 420 2561; x_wconf 85' lang='lat' dir='ltr'><strong>gestus</strong></span> <span class='ocrx_word' id='word_1_130' title='bbox 440 2491 531 2561; x_wconf 83' lang='lat' dir='ltr'><strong>agere</strong></span> <span class='ocrx_word' id='word_1_131' title='bbox 556 2468 692 2552; x_wconf 87' lang='lat' dir='ltr'><strong>debere,</strong></span> <span class='ocrx_word' id='word_1_132' title='bbox 716 2483 772 2551; x_wconf 92' lang='lat' dir='ltr'><strong>ut,</strong></span> <span class='ocrx_word' id='word_1_133' title='bbox 796 2467 916 2532; x_wconf 86' lang='lat' dir='ltr'><strong>etiamsi</strong></span> <span class='ocrx_word' id='word_1_134' title='bbox 934 2490 1038 2532; x_wconf 86' lang='lat' dir='ltr'><strong>mores</strong></span> <span class='ocrx_word' id='word_1_135' title='bbox 1055 2491 1075 2532; x_wconf 91' lang='lat' dir='ltr'><strong>a</strong></span> <span class='ocrx_word' id='word_1_136' title='bbox 1092 2490 1181 2533; x_wconf 91' lang='lat' dir='ltr'><strong>com-</strong></span> 
     </span>
     <span class='ocr_line' id='line_1_19' title="bbox 147 2580 1179 2671; baseline -0.003 -25"><span class='ocrx_word' id='word_1_137' title='bbox 147 2583 254 2656; x_wconf 85' lang='lat' dir='ltr'><strong>munis</strong></span> <span class='ocrx_word' id='word_1_138' title='bbox 279 2583 435 2647; x_wconf 82' lang='lat' dir='ltr'><strong>sociorum</strong></span> <span class='ocrx_word' id='word_1_139' title='bbox 458 2581 619 2671; x_wconf 87' lang='lat' dir='ltr'><strong>nequitiae</strong></span> <span class='ocrx_word' id='word_1_140' title='bbox 639 2580 825 2670; x_wconf 86' lang='lat' dir='ltr'><strong>contagione</strong></span> <span class='ocrx_word' id='word_1_141' title='bbox 847 2580 1006 2644; x_wconf 83' lang='lat' dir='ltr'><strong>immunes</strong></span> <span class='ocrx_word' id='word_1_142' title='bbox 1023 2594 1179 2662; x_wconf 86' lang='lat' dir='ltr'><strong>servaret,</strong></span> 
     </span>
     <span class='ocr_line' id='line_1_20' title="bbox 148 2689 1177 2784; baseline -0.004 -24"><span class='ocrx_word' id='word_1_143' title='bbox 148 2696 214 2784; x_wconf 84' lang='lat' dir='ltr'><strong>ipsa</strong></span> <span class='ocrx_word' id='word_1_144' title='bbox 230 2719 299 2761; x_wconf 87' lang='lat' dir='ltr'><strong>sua.</strong></span> <span class='ocrx_word' id='word_1_145' title='bbox 314 2693 506 2784; x_wconf 81' lang='lat' dir='ltr'><strong>professione</strong></span> <span class='ocrx_word' id='word_1_146' title='bbox 529 2710 672 2782; x_wconf 85' lang='lat' dir='ltr'><strong>peecaret</strong></span> <span class='ocrx_word' id='word_1_147' title='bbox 693 2693 728 2758; x_wconf 91' lang='lat' dir='ltr'><strong>in</strong></span> <span class='ocrx_word' id='word_1_148' title='bbox 750 2708 954 2780; x_wconf 53' lang='lat' dir='ltr'><strong>praesumtum</strong></span> <span class='ocrx_word' id='word_1_149' title='bbox 974 2689 1068 2756; x_wconf 89' lang='lat' dir='ltr'><strong>Pauli</strong></span> <span class='ocrx_word' id='word_1_150' title='bbox 1087 2691 1177 2779; x_wconf 86' lang='lat' dir='ltr'><strong>Eph.</strong></span> 
     </span>
     <span class='ocr_line' id='line_1_21' title="bbox 147 2803 1181 2896; baseline -0.007 -21"><span class='ocrx_word' id='word_1_151' title='bbox 147 2808 200 2888; x_wconf 91' lang='lat' dir='ltr'><strong>V,</strong></span> <span class='ocrx_word' id='word_1_152' title='bbox 225 2811 246 2872; x_wconf 88' lang='grc'><strong>3</strong></span> <span class='ocrx_word' id='word_1_153' title='bbox 268 2832 339 2896; x_wconf 88' lang='lat' dir='ltr'><strong>sq.·,</strong></span> <span class='ocrx_word' id='word_1_154' title='bbox 365 2809 527 2873; x_wconf 86' lang='lat' dir='ltr'><strong>nemiuem</strong></span> <span class='ocrx_word' id='word_1_155' title='bbox 550 2822 658 2871; x_wconf 86' lang='lat' dir='ltr'><strong>autem</strong></span> <span class='ocrx_word' id='word_1_156' title='bbox 683 2805 724 2870; x_wconf 89' lang='lat' dir='ltr'><strong>ad</strong></span> <span class='ocrx_word' id='word_1_157' title='bbox 749 2803 878 2872; x_wconf 82' lang='lat' dir='ltr'><strong>Sacram</strong></span> <span class='ocrx_word' id='word_1_158' title='bbox 894 2803 1034 2868; x_wconf 87' lang='lat' dir='ltr'><strong>Coenam</strong></span> <span class='ocrx_word' id='word_1_159' title='bbox 1055 2803 1181 2868; x_wconf 84' lang='lat' dir='ltr'><strong>admitti</strong></span> 
     </span>
     <span class='ocr_line' id='line_1_22' title="bbox 146 2914 1180 3004; baseline -0.005 -22"><span class='ocrx_word' id='word_1_160' title='bbox 146 2935 215 2982; x_wconf 57' lang='lat' dir='ltr'><strong>aut&#39;</strong></span> <span class='ocrx_word' id='word_1_161' title='bbox 234 2917 350 2984; x_wconf 82' lang='lat' dir='ltr'><strong>dehere</strong></span> <span class='ocrx_word' id='word_1_162' title='bbox 377 2932 433 2982; x_wconf 87' lang='lat' dir='ltr'><strong>aut</strong></span> <span class='ocrx_word' id='word_1_163' title='bbox 461 2939 568 3003; x_wconf 87' lang='lat' dir='ltr'><strong>posse,</strong></span> <span class='ocrx_word' id='word_1_164' title='bbox 590 2916 650 2980; x_wconf 90' lang='lat' dir='ltr'><strong>nisi</strong></span> <span class='ocrx_word' id='word_1_165' title='bbox 667 2938 767 3004; x_wconf 85' lang='lat' dir='ltr'><strong>quem</strong></span> <span class='ocrx_word' id='word_1_166' title='bbox 784 2930 988 3001; x_wconf 77' lang='lat' dir='ltr'><strong>pecmtomm</strong></span> <span class='ocrx_word' id='word_1_167' title='bbox 1005 2914 1085 2978; x_wconf 85' lang='lat' dir='ltr'><strong>serio</strong></span> <span class='ocrx_word' id='word_1_168' title='bbox 1099 2937 1180 3002; x_wconf 89' lang='lat' dir='ltr'><strong>poe-</strong></span> 
     </span>
     <span class='ocr_line' id='line_1_23' title="bbox 146 3026 1179 3120; baseline -0.004 -24"><span class='ocrx_word' id='word_1_169' title='bbox 146 3033 247 3097; x_wconf 84' lang='lat' dir='ltr'><strong>niteat</strong></span> <span class='ocrx_word' id='word_1_170' title='bbox 263 3032 385 3120; x_wconf 86' lang='lat' dir='ltr'><strong>quique</strong></span> <span class='ocrx_word' id='word_1_171' title='bbox 418 3026 474 3094; x_wconf 85' lang='lat' dir='ltr'><strong>illa</strong></span> <span class='ocrx_word' id='word_1_172' title='bbox 505 3044 682 3109; x_wconf 72' lang='lat' dir='ltr'><strong>aversante,</strong></span> <span class='ocrx_word' id='word_1_173' title='bbox 704 3027 865 3092; x_wconf 66' lang='lat' dir='ltr'><strong>hocsem</strong></span> <span class='ocrx_word' id='word_1_174' title='bbox 887 3049 955 3091; x_wconf 87' lang='lat' dir='ltr'><strong>nou</strong></span> <span class='ocrx_word' id='word_1_175' title='bbox 983 3026 1127 3094; x_wconf 88' lang='lat' dir='ltr'><strong>obtinere</strong></span> <span class='ocrx_word' id='word_1_176' title='bbox 1144 3028 1179 3092; x_wconf 89' lang='lat' dir='ltr'><strong>in</strong></span> 
     </span>
     <span class='ocr_line' id='line_1_24' title="bbox 146 3137 1180 3232; baseline -0.004 -24"><span class='ocrx_word' id='word_1_177' title='bbox 146 3142 209 3208; x_wconf 85' lang='lat' dir='ltr'><strong>illis</strong></span> <span class='ocrx_word' id='word_1_178' title='bbox 226 3145 288 3232; x_wconf 85' lang='lat' dir='ltr'><strong>qui</strong></span> <span class='ocrx_word' id='word_1_179' title='bbox 306 3142 510 3208; x_wconf 88' lang='lat' dir='ltr'><strong>inhonestum</strong></span> <span class='ocrx_word' id='word_1_180' title='bbox 531 3142 614 3207; x_wconf 89' lang='lat' dir='ltr'><strong>vitae</strong></span> <span class='ocrx_word' id='word_1_181' title='bbox 641 3163 740 3232; x_wconf 88' lang='lat' dir='ltr'><strong>genus</strong></span> <span class='ocrx_word' id='word_1_182' title='bbox 761 3137 941 3230; x_wconf 87' lang='lat' dir='ltr'><strong>relinquere</strong></span> <span class='ocrx_word' id='word_1_183' title='bbox 964 3140 1180 3230; x_wconf 75' lang='lat' dir='ltr'><strong>peccandique</strong></span> 
     </span>
     <span class='ocr_line' id='line_1_25' title="bbox 145 3251 1177 3333; baseline -0.005 -13"><span class='ocrx_word' id='word_1_184' title='bbox 145 3258 338 3321; x_wconf 78' lang='lat' dir='ltr'><strong>occasionem</strong></span> <span class='ocrx_word' id='word_1_185' title='bbox 364 3257 463 3320; x_wconf 81' lang='lat' dir='ltr'><strong>vitare</strong></span> <span class='ocrx_word' id='word_1_186' title='bbox 479 3251 614 3320; x_wconf 90' lang='lat' dir='ltr'><strong>nollent.</strong></span> <span class='ocrx_word' id='word_1_187' title='bbox 663 3255 756 3320; x_wconf 89' lang='lat' dir='ltr'><strong>Hanc</strong></span> <span class='ocrx_word' id='word_1_188' title='bbox 777 3277 869 3318; x_wconf 90' lang='lat' dir='ltr'><strong>snam</strong></span> <span class='ocrx_word' id='word_1_189' title='bbox 887 3259 950 3316; x_wconf 61' lang='lat' dir='ltr'><strong>eme</strong></span> <span class='ocrx_word' id='word_1_190' title='bbox 967 3252 1177 3333; x_wconf 84' lang='lat' dir='ltr'><strong>sententiam,</strong></span> 
     </span>
     <span class='ocr_line' id='line_1_26' title="bbox 144 3363 1178 3456; baseline -0.005 -24"><span class='ocrx_word' id='word_1_191' title='bbox 144 3391 246 3456; x_wconf 86' lang='lat' dir='ltr'><strong>quam</strong></span> <span class='ocrx_word' id='word_1_192' title='bbox 276 3383 383 3432; x_wconf 87' lang='lat' dir='ltr'><strong>tamen</strong></span> <span class='ocrx_word' id='word_1_193' title='bbox 405 3365 542 3432; x_wconf 86' lang='lat' dir='ltr'><strong>aliorum</strong></span> <span class='ocrx_word' id='word_1_194' title='bbox 572 3365 689 3455; x_wconf 89' lang='lat' dir='ltr'><strong>judicio</strong></span> <span class='ocrx_word' id='word_1_195' title='bbox 718 3363 857 3430; x_wconf 87' lang='lat' dir='ltr'><strong>libenter</strong></span> <span class='ocrx_word' id='word_1_196' title='bbox 886 3363 1071 3446; x_wconf 80' lang='lat' dir='ltr'><strong>submittat,</strong></span> <span class='ocrx_word' id='word_1_197' title='bbox 1113 3364 1178 3428; x_wconf 92' lang='lat' dir='ltr'><strong>imo</strong></span> 
     </span>
     <span class='ocr_line' id='line_1_27' title="bbox 144 3475 1178 3569; baseline -0.004 -24"><span class='ocrx_word' id='word_1_198' title='bbox 144 3502 270 3544; x_wconf 87' lang='lat' dir='ltr'><strong>censere</strong></span> <span class='ocrx_word' id='word_1_199' title='bbox 298 3503 330 3544; x_wconf 88' lang='lat' dir='ltr'><strong>se</strong></span> <span class='ocrx_word' id='word_1_200' title='bbox 353 3479 397 3544; x_wconf 89' lang='lat' dir='ltr'><strong>ad</strong></span> <span class='ocrx_word' id='word_1_201' title='bbox 426 3476 605 3569; x_wconf 83' lang='lat' dir='ltr'><strong>generalem</strong></span> <span class='ocrx_word' id='word_1_202' title='bbox 630 3478 923 3542; x_wconf 85' lang='lat' dir='ltr'><strong>Remonstrantium</strong></span> <span class='ocrx_word' id='word_1_203' title='bbox 951 3475 1120 3566; x_wconf 83' lang='lat' dir='ltr'><strong>Synodum</strong></span> <span class='ocrx_word' id='word_1_204' title='bbox 1138 3477 1178 3542; x_wconf 92' lang='lat' dir='ltr'><strong>de</strong></span> 
     </span>
     <span class='ocr_line' id='line_1_28' title="bbox 144 3586 1178 3658; baseline -0.004 -2"><span class='ocrx_word' id='word_1_205' title='bbox 144 3615 180 3656; x_wconf 86' lang='lat' dir='ltr'><strong>re</strong></span> <span class='ocrx_word' id='word_1_206' title='bbox 197 3593 255 3656; x_wconf 85' lang='lat' dir='ltr'><strong>ista</strong></span> <span class='ocrx_word' id='word_1_207' title='bbox 271 3588 475 3658; x_wconf 82' lang='lat' dir='ltr'><strong>referendum</strong></span> <span class='ocrx_word' id='word_1_208' title='bbox 495 3613 568 3656; x_wconf 86' lang='lat' dir='ltr'><strong>esse.</strong></span> <span class='ocrx_word' id='word_1_209' title='bbox 616 3590 768 3658; x_wconf 87' lang='lat' dir='ltr'><strong>Homines</strong></span> <span class='ocrx_word' id='word_1_210' title='bbox 789 3588 839 3654; x_wconf 87' lang='lat' dir='ltr'><strong>illi</strong></span> <span class='ocrx_word' id='word_1_211' title='bbox 854 3612 922 3654; x_wconf 90' lang='lat' dir='ltr'><strong>non</strong></span> <span class='ocrx_word' id='word_1_212' title='bbox 939 3588 1063 3652; x_wconf 80' lang='lat' dir='ltr'><strong>admissi</strong></span> <span class='ocrx_word' id='word_1_213' title='bbox 1085 3586 1178 3652; x_wconf 71' lang='lat' dir='ltr'><strong>fuisse</strong></span> 
     </span>
     <span class='ocr_line' id='line_1_29' title="bbox 144 3693 1178 3788; baseline -0.005 -19"><span class='ocrx_word' id='word_1_214' title='bbox 144 3703 304 3769; x_wconf 87' lang='lat' dir='ltr'><strong>videntur.</strong></span> <span class='ocrx_word' id='word_1_215' title='bbox 353 3702 607 3785; x_wconf 85' lang='lat' dir='ltr'><strong>Quadriennium</strong></span> <span class='ocrx_word' id='word_1_216' title='bbox 623 3718 694 3788; x_wconf 86' lang='lat' dir='ltr'><strong>post</strong></span> <span class='ocrx_word' id='word_1_217' title='bbox 711 3702 822 3766; x_wconf 83' lang='lat' dir='ltr'><strong>eadem</strong></span> <span class='ocrx_word' id='word_1_218' title='bbox 839 3697 896 3763; x_wconf 88' lang='lat' dir='ltr'><strong>illa</strong></span> <span class='ocrx_word' id='word_1_219' title='bbox 912 3693 1030 3762; x_wconf 82' lang='lat' dir='ltr'><strong>mulier</strong></span> <span class='ocrx_word' id='word_1_220' title='bbox 1046 3732 1090 3748; x_wconf 89' lang='lat'>-</span> <span class='ocrx_word' id='word_1_221' title='bbox 1100 3721 1178 3764; x_wconf 89' lang='lat' dir='ltr'><strong>nam</strong></span> 
     </span>
     <span class='ocr_line' id='line_1_30' title="bbox 144 3806 1177 3900; baseline -0.004 -19"><span class='ocrx_word' id='word_1_222' title='bbox 144 3817 185 3882; x_wconf 89' lang='lat' dir='ltr'><strong>de</strong></span> <span class='ocrx_word' id='word_1_223' title='bbox 205 3814 301 3880; x_wconf 82' lang='lat' dir='ltr'><strong>fratre</strong></span> <span class='ocrx_word' id='word_1_224' title='bbox 327 3811 410 3878; x_wconf 90' lang='lat' dir='ltr'><strong>nihil</strong></span> <span class='ocrx_word' id='word_1_225' title='bbox 436 3813 563 3877; x_wconf 84' lang='lat' dir='ltr'><strong>invenio</strong></span> <span class='ocrx_word' id='word_1_226' title='bbox 586 3849 628 3860; x_wconf 93' lang='grc'>-</span> <span class='ocrx_word' id='word_1_227' title='bbox 647 3811 833 3900; x_wconf 76' lang='lat' dir='ltr'><strong>synedrium</strong></span> <span class='ocrx_word' id='word_1_228' title='bbox 854 3806 998 3874; x_wconf 83' lang='lat' dir='ltr'><strong>ecelesiae</strong></span> <span class='ocrx_word' id='word_1_229' title='bbox 1018 3808 1177 3877; x_wconf 86' lang='lat' dir='ltr'><strong>Leidensis</strong></span> 
     </span>
     <span class='ocr_line' id='line_1_31' title="bbox 143 3919 1176 4015; baseline -0.006 -21"><span class='ocrx_word' id='word_1_230' title='bbox 143 3929 239 4007; x_wconf 87' lang='lat' dir='ltr'><strong>adiit,</strong></span> <span class='ocrx_word' id='word_1_231' title='bbox 263 3928 353 4015; x_wconf 82' lang='lat' dir='ltr'><strong>eujus</strong></span> <span class='ocrx_word' id='word_1_232' title='bbox 379 3925 508 3990; x_wconf 90' lang='lat' dir='ltr'><strong>nomine</strong></span> <span class='ocrx_word' id='word_1_233' title='bbox 532 3922 574 3988; x_wconf 89' lang='lat' dir='ltr'><strong>A.</strong></span> <span class='ocrx_word' id='word_1_234' title='bbox 594 3945 658 3988; x_wconf 74' lang='lat' dir='ltr'><strong>sau</strong></span> <span class='ocrx_word' id='word_1_235' title='bbox 680 3923 751 3988; x_wconf 85' lang='lat' dir='ltr'><strong>Ede</strong></span> <span class='ocrx_word' id='word_1_236' title='bbox 771 3921 815 3990; x_wconf 87' lang='lat' dir='ltr'><strong>V.</strong></span> <span class='ocrx_word' id='word_1_237' title='bbox 838 3921 880 3984; x_wconf 91' lang='lat' dir='ltr'><strong>D.</strong></span> <span class='ocrx_word' id='word_1_238' title='bbox 903 3921 952 3985; x_wconf 92' lang='lat' dir='ltr'><strong>M.</strong></span> <span class='ocrx_word' id='word_1_239' title='bbox 980 3919 1176 3996; x_wconf 80' lang='lat' dir='ltr'><strong>Limhoruhii</strong></span> 
     </span>
     <span class='ocr_line' id='line_1_32' title="bbox 143 4035 1118 4126; baseline -0.012 -16"><span class='ocrx_word' id='word_1_240' title='bbox 143 4066 252 4110; x_wconf 87' lang='lat' dir='ltr'><strong>rursus</strong></span> <span class='ocrx_word' id='word_1_241' title='bbox 274 4037 441 4122; x_wconf 82' lang='lat' dir='ltr'><strong>consilium</strong></span> <span class='ocrx_word' id='word_1_242' title='bbox 461 4038 622 4126; x_wconf 84' lang='lat' dir='ltr'><strong>expetivit.</strong></span> <span class='ocrx_word' id='word_1_243' title='bbox 670 4035 730 4102; x_wconf 91' lang='lat' dir='ltr'><strong>Ille</strong></span> <span class='ocrx_word' id='word_1_244' title='bbox 750 4037 785 4100; x_wconf 91' lang='lat' dir='ltr'><strong>in</strong></span> <span class='ocrx_word' id='word_1_245' title='bbox 803 4035 956 4100; x_wconf 83' lang='lat' dir='ltr'><strong>sententia</strong></span> <span class='ocrx_word' id='word_1_246' title='bbox 973 4035 1118 4122; x_wconf 84' lang='lat' dir='ltr'><strong>perstitit.</strong></span> 
     </span>
    </p>

    <p class='ocr_par' dir='ltr' id='par_1_3' title="bbox 188 4149 1176 4240">
     <span class='ocr_line' id='line_1_33' title="bbox 188 4149 1176 4240; baseline -0.007 -17"><span class='ocrx_word' id='word_1_247' title='bbox 188 4156 286 4223; x_wconf 90' lang='lat' dir='ltr'><strong>Anno</strong></span> <span class='ocrx_word' id='word_1_248' title='bbox 305 4155 391 4220; x_wconf 76' lang='lat'><strong>1702</strong></span> <span class='ocrx_word' id='word_1_249' title='bbox 412 4170 517 4220; x_wconf 87' lang='lat' dir='ltr'><strong>coetus</strong></span> <span class='ocrx_word' id='word_1_250' title='bbox 530 4152 795 4218; x_wconf 86' lang='lat' dir='ltr'><strong>Mennonitarum</strong></span> <span class='ocrx_word' id='word_1_251' title='bbox 807 4149 1041 4215; x_wconf 80' lang='lat' dir='ltr'><strong>Ieovardieusis</strong></span> <span class='ocrx_word' id='word_1_252' title='bbox 1054 4153 1176 4240; x_wconf 82' lang='lat' dir='ltr'><strong>rogavit</strong></span> 
     </span>
    </p>
   </div>
   <div class='ocr_carea' id='block_1_3' title="bbox 145 4247 1175 4440">
    <p class='ocr_par' dir='ltr' id='par_1_4' title="bbox 145 4247 1175 4440">
     <span class='ocr_line' id='line_1_34' title="bbox 145 4247 1175 4353; baseline -0.01 -18"><span class='ocrx_word' id='word_1_253' title='bbox 145 4293 250 4335; x_wconf 78' lang='lat' dir='ltr'><strong>vener.</strong></span> <span class='ocrx_word' id='word_1_254' title='bbox 277 4247 422 4334; x_wconf 81' lang='lat' dir='ltr'><strong>¹Paulum</strong></span> <span class='ocrx_word' id='word_1_255' title='bbox 447 4265 643 4343; x_wconf 73' lang='lat' dir='ltr'><strong>Vestinum,</strong></span> <span class='ocrx_word' id='word_1_256' title='bbox 668 4264 729 4353; x_wconf 89' lang='lat' dir='ltr'><strong>qui</strong></span> <span class='ocrx_word' id='word_1_257' title='bbox 747 4262 908 4328; x_wconf 88' lang='lat' dir='ltr'><strong>Doocomii</strong></span> <span class='ocrx_word' id='word_1_258' title='bbox 932 4263 1014 4326; x_wconf 89' lang='lat' dir='ltr'><strong>inter</strong></span> <span class='ocrx_word' id='word_1_259' title='bbox 1035 4260 1175 4326; x_wconf 78' lang='lat' dir='ltr'><strong>liemon-</strong></span> 
     </span>
     <span class='ocr_line' id='line_1_35' title="bbox 1020 4375 1040 4440; baseline 0 0"><span class='ocrx_word' id='word_1_260' title='bbox 1020 4375 1040 4440; x_wconf 83' lang='lat'><strong>3</strong></span> 
     </span>
    </p>
   </div>
   <div class='ocr_carea' id='block_1_4' title="bbox 0 0 1484 5284">
    <p class='ocr_par' dir='ltr' id='par_1_5' title="bbox 0 0 1484 5284">
     <span class='ocr_line' id='line_1_36' title="bbox 0 0 1484 5284; baseline 0 2"><span class='ocrx_word' id='word_1_261' title='bbox 0 0 1484 5284; x_wconf 95' lang='lat' dir='ltr'><strong> </strong></span> 
     </span>
    </p>
   </div>
  </div>
 </body>
</html>
