<?xml version="1.0" encoding="UTF-8"?>
<!DOCTYPE html PUBLIC "-//W3C//DTD XHTML 1.0 Transitional//EN"
    "http://www.w3.org/TR/xhtml1/DTD/xhtml1-transitional.dtd">
<html xmlns="http://www.w3.org/1999/xhtml" xml:lang="en" lang="en">
 <head>
  <title>
</title>
<meta http-equiv="Content-Type" content="text/html;charset=utf-8" />
  <meta name='ocr-system' content='tesseract 3.04.00' />
  <meta name='ocr-capabilities' content='ocr_page ocr_carea ocr_par ocr_line ocrx_word'/>
</head>
<body>
  <div class='ocr_page' id='page_1' title='image "./dissertatiotheo00hoevgoog_0062.png"; bbox 0 0 2959 5284; ppageno 0'>
   <div class='ocr_carea' id='block_1_1' title="bbox 726 468 907 532">
    <p class='ocr_par' dir='ltr' id='par_1_1' title="bbox 726 468 907 532">
     <span class='ocr_line' id='line_1_1' title="bbox 726 468 907 532; baseline -0.006 -13"><span class='ocrx_word' id='word_1_1' title='bbox 726 468 907 532; x_wconf 74' lang='lat' dir='ltr'><strong>-3t-</strong></span> 
     </span>
    </p>
   </div>
   <div class='ocr_carea' id='block_1_2' title="bbox 296 649 1418 958">
    <p class='ocr_par' dir='ltr' id='par_1_2' title="bbox 296 649 1418 958">
     <span class='ocr_line' id='line_1_2' title="bbox 296 649 1333 744; baseline -0.005 -24"><span class='ocrx_word' id='word_1_2' title='bbox 296 668 428 720; x_wconf 83' lang='lat' dir='ltr'><strong>strantes</strong></span> <span class='ocrx_word' id='word_1_3' title='bbox 444 676 502 740; x_wconf 84' lang='lat' dir='ltr'><strong>pro</strong></span> <span class='ocrx_word' id='word_1_4' title='bbox 524 669 665 741; x_wconf 84' lang='lat' dir='ltr'><strong>tempore</strong></span> <span class='ocrx_word' id='word_1_5' title='bbox 682 649 848 742; x_wconf 79' lang='lat' dir='ltr'>Evangelii</span> <span class='ocrx_word' id='word_1_6' title='bbox 869 653 1041 718; x_wconf 85' lang='lat' dir='ltr'><strong>ministerio</strong></span> <span class='ocrx_word' id='word_1_7' title='bbox 1062 652 1276 744; x_wconf 85' lang='lat' dir='ltr'><strong>fungebatur,</strong></span> <span class='ocrx_word' id='word_1_8' title='bbox 1293 669 1333 716; x_wconf 86' lang='lat' dir='ltr'><strong>ut</strong></span> 
     </span>
     <span class='ocr_line' id='line_1_3' title="bbox 296 762 1418 856; baseline -0.001 -26"><span class='ocrx_word' id='word_1_9' title='bbox 296 765 357 832; x_wconf 88' lang='lat' dir='ltr'><strong>sibi</strong></span> <span class='ocrx_word' id='word_1_10' title='bbox 377 764 511 830; x_wconf 77' lang='lat' dir='ltr'><strong>eundem</strong></span> <span class='ocrx_word' id='word_1_11' title='bbox 531 789 661 855; x_wconf 69' lang='lat' dir='ltr'><strong>operam</strong></span> <span class='ocrx_word' id='word_1_12' title='bbox 680 765 843 830; x_wconf 87' lang='lat' dir='ltr'><strong>interdum</strong></span> <span class='ocrx_word' id='word_1_13' title='bbox 863 782 1020 852; x_wconf 75' lang='lat' dir='ltr'><strong>praestare</strong></span> <span class='ocrx_word' id='word_1_14' title='bbox 1036 762 1144 831; x_wconf 82' lang='lat' dir='ltr'><strong>vellet.</strong></span> <span class='ocrx_word' id='word_1_15' title='bbox 1169 763 1229 829; x_wconf 90' lang='lat' dir='ltr'><strong>Ille</strong></span> <span class='ocrx_word' id='word_1_16' title='bbox 1243 766 1335 830; x_wconf 86' lang='lat' dir='ltr'><strong>Lim-</strong></span> <span class='ocrx_word' id='word_1_17' title='bbox 1410 844 1418 856; x_wconf 88' lang='lat'><strong>.</strong></span> 
     </span>
     <span class='ocr_line' id='line_1_4' title="bbox 297 876 1335 958; baseline -0.002 -14"><span class='ocrx_word' id='word_1_18' title='bbox 297 877 489 958; x_wconf 89' lang='lat' dir='ltr'><strong>borchium,</strong></span> <span class='ocrx_word' id='word_1_19' title='bbox 522 879 575 944; x_wconf 88' lang='lat' dir='ltr'><strong>hic</strong></span> <span class='ocrx_word' id='word_1_20' title='bbox 611 877 812 944; x_wconf 82' lang='lat' dir='ltr'><strong>ecclesiarum</strong></span> <span class='ocrx_word' id='word_1_21' title='bbox 846 876 1145 944; x_wconf 83' lang='lat' dir='ltr'><strong>Amstelodsmensis</strong></span> <span class='ocrx_word' id='word_1_22' title='bbox 1176 895 1208 943; x_wconf 90' lang='lat' dir='ltr'><strong>et</strong></span> <span class='ocrx_word' id='word_1_23' title='bbox 1235 878 1335 944; x_wconf 76' lang='lat' dir='ltr'><strong>Bote-</strong></span> 
     </span>
    </p>
   </div>
   <div class='ocr_carea' id='block_1_3' title="bbox 299 987 1472 1424">
    <p class='ocr_par' dir='ltr' id='par_1_3' title="bbox 299 978 1472 1424">
     <span class='ocr_line' id='line_1_5' title="bbox 299 987 1331 1082; baseline -0.003 -26"><span class='ocrx_word' id='word_1_24' title='bbox 299 992 491 1058; x_wconf 89' lang='lat' dir='ltr'><strong>rodamensis</strong></span> <span class='ocrx_word' id='word_1_25' title='bbox 518 993 664 1082; x_wconf 80' lang='lat' dir='ltr'><strong>synedria</strong></span> <span class='ocrx_word' id='word_1_26' title='bbox 701 989 872 1058; x_wconf 90' lang='lat' dir='ltr'><strong>consuluit.</strong></span> <span class='ocrx_word' id='word_1_27' title='bbox 921 992 981 1058; x_wconf 83' lang='lat' dir='ltr'><strong>Res</strong></span> <span class='ocrx_word' id='word_1_28' title='bbox 1005 991 1183 1057; x_wconf 82' lang='lat' dir='ltr'><strong>admodum</strong></span> <span class='ocrx_word' id='word_1_29' title='bbox 1199 987 1331 1077; x_wconf 79' lang='lat' dir='ltr'><strong>placttit.</strong></span> 
     </span>
     <span class='ocr_line' id='line_1_6' title="bbox 299 1100 1472 1194; baseline -0.003 -23"><span class='ocrx_word' id='word_1_30' title='bbox 299 1105 412 1194; x_wconf 85' lang='lat' dir='ltr'><strong>Itaque</strong></span> <span class='ocrx_word' id='word_1_31' title='bbox 437 1104 593 1171; x_wconf 84' lang='lat' dir='ltr'><strong>Verrinus</strong></span> <span class='ocrx_word' id='word_1_32' title='bbox 617 1102 714 1173; x_wconf 83' lang='lat' dir='ltr'><strong>semel</strong></span> <span class='ocrx_word' id='word_1_33' title='bbox 739 1119 836 1193; x_wconf 86' lang='lat' dir='ltr'><strong>atque</strong></span> <span class='ocrx_word' id='word_1_34' title='bbox 861 1104 979 1170; x_wconf 84' lang='lat' dir='ltr'><strong>iterum</strong></span> <span class='ocrx_word' id='word_1_35' title='bbox 1001 1105 1037 1169; x_wconf 93' lang='lat' dir='ltr'><strong>in</strong></span> <span class='ocrx_word' id='word_1_36' title='bbox 1060 1120 1153 1169; x_wconf 88' lang='lat' dir='ltr'><strong>coetu</strong></span> <span class='ocrx_word' id='word_1_37' title='bbox 1177 1100 1235 1168; x_wconf 93' lang='lat' dir='ltr'><strong>illo</strong></span> <span class='ocrx_word' id='word_1_38' title='bbox 1255 1126 1335 1168; x_wconf 89' lang='lat' dir='ltr'><strong>oon-</strong></span> <span class='ocrx_word' id='word_1_39' title='bbox 1471 1186 1472 1189; x_wconf 8' lang='grc' dir='ltr'><strong>Ἴ</strong></span> 
     </span>
     <span class='ocr_line' id='line_1_7' title="bbox 301 1215 1472 1304; baseline -0.001 -23"><span class='ocrx_word' id='word_1_40' title='bbox 301 1217 405 1284; x_wconf 78' lang='lat' dir='ltr'><strong>cinnes</strong></span> <span class='ocrx_word' id='word_1_41' title='bbox 424 1215 558 1301; x_wconf 91' lang='lat' dir='ltr'><strong>habuit,</strong></span> <span class='ocrx_word' id='word_1_42' title='bbox 583 1241 651 1282; x_wconf 89' lang='lat' dir='ltr'><strong>rem</strong></span> <span class='ocrx_word' id='word_1_43' title='bbox 672 1218 765 1282; x_wconf 81' lang='lat' dir='ltr'><strong>tacite</strong></span> <span class='ocrx_word' id='word_1_44' title='bbox 783 1217 986 1304; x_wconf 77' lang='lat' dir='ltr'>permittente</span> <span class='ocrx_word' id='word_1_45' title='bbox 1005 1217 1200 1304; x_wconf 73' lang='lat' dir='ltr'><strong>magistratu.</strong></span> <span class='ocrx_word' id='word_1_46' title='bbox 1237 1215 1336 1280; x_wconf 85' lang='lat' dir='ltr'><strong>Men·</strong></span> <span class='ocrx_word' id='word_1_47' title='bbox 1471 1276 1472 1303; x_wconf 25' lang='lat'>¹</span> 
     </span>
     <span class='ocr_line' id='line_1_8' title="bbox 300 1316 1472 1424; baseline 0.001 -26"><span class='ocrx_word' id='word_1_48' title='bbox 300 1335 418 1398; x_wconf 90' lang='lat' dir='ltr'><strong>nonitis</strong></span> <span class='ocrx_word' id='word_1_49' title='bbox 448 1350 515 1398; x_wconf 86' lang='lat' dir='ltr'><strong>tam</strong></span> <span class='ocrx_word' id='word_1_50' title='bbox 542 1320 672 1424; x_wconf 80' lang='lat' dir='ltr'><strong>gratum</strong></span> <span class='ocrx_word' id='word_1_51' title='bbox 692 1331 767 1398; x_wconf 84' lang='lat' dir='ltr'><strong>fecit</strong></span> <span class='ocrx_word' id='word_1_52' title='bbox 782 1349 822 1398; x_wconf 92' lang='lat' dir='ltr'><strong>ut</strong></span> <span class='ocrx_word' id='word_1_53' title='bbox 840 1331 876 1396; x_wconf 88' lang='lat' dir='ltr'><strong>hi</strong></span> <span class='ocrx_word' id='word_1_54' title='bbox 899 1355 975 1396; x_wconf 85' lang='lat' dir='ltr'><strong>mox</strong></span> <span class='ocrx_word' id='word_1_55' title='bbox 993 1329 1144 1396; x_wconf 88' lang='lat' dir='ltr'><strong>omnibus</strong></span> <span class='ocrx_word' id='word_1_56' title='bbox 1161 1329 1336 1395; x_wconf 79' lang='lat' dir='ltr'><strong>candidatis</strong></span> <span class='ocrx_word' id='word_1_57' title='bbox 1471 1316 1472 1399; x_wconf 82' lang='lat' dir='ltr'><strong>i</strong></span> 
     </span>
    </p>
   </div>
   <div class='ocr_carea' id='block_1_4' title="bbox 270 1442 1340 2766">
    <p class='ocr_par' dir='ltr' id='par_1_4' title="bbox 270 1442 1340 2766">
     <span class='ocr_line' id='line_1_9' title="bbox 301 1442 1336 1534; baseline -0.004 -24"><span class='ocrx_word' id='word_1_58' title='bbox 301 1447 611 1528; x_wconf 85' lang='lat' dir='ltr'><strong>Remonstrantium‚</strong></span> <span class='ocrx_word' id='word_1_59' title='bbox 635 1446 693 1534; x_wconf 91' lang='lat' dir='ltr'><strong>qui</strong></span> <span class='ocrx_word' id='word_1_60' title='bbox 711 1469 835 1533; x_wconf 90' lang='lat' dir='ltr'><strong>semper</strong></span> <span class='ocrx_word' id='word_1_61' title='bbox 846 1468 905 1532; x_wconf 88' lang='lat' dir='ltr'><strong>per</strong></span> <span class='ocrx_word' id='word_1_62' title='bbox 920 1442 1053 1533; x_wconf 82' lang='lat' dir='ltr'><strong>aliquod</strong></span> <span class='ocrx_word' id='word_1_63' title='bbox 1067 1459 1193 1530; x_wconf 85' lang='lat' dir='ltr'><strong>tempus</strong></span> <span class='ocrx_word' id='word_1_64' title='bbox 1206 1444 1242 1507; x_wconf 94' lang='lat' dir='ltr'><strong>in</strong></span> <span class='ocrx_word' id='word_1_65' title='bbox 1261 1442 1336 1506; x_wconf 86' lang='lat' dir='ltr'><strong>Fri-</strong></span> 
     </span>
     <span class='ocr_line' id='line_1_10' title="bbox 270 1552 1336 1644; baseline -0.004 -21"><span class='ocrx_word' id='word_1_66' title='bbox 270 1629 274 1636; x_wconf 62' lang='grc'>,</span> <span class='ocrx_word' id='word_1_67' title='bbox 301 1560 346 1623; x_wconf 86' lang='lat' dir='ltr'><strong>sia</strong></span> <span class='ocrx_word' id='word_1_68' title='bbox 363 1574 648 1640; x_wconf 80' lang='lat' dir='ltr'><strong>commorarentur,</strong></span> <span class='ocrx_word' id='word_1_69' title='bbox 664 1554 756 1622; x_wconf 87' lang='lat' dir='ltr'><strong>illam</strong></span> <span class='ocrx_word' id='word_1_70' title='bbox 771 1557 876 1622; x_wconf 88' lang='lat' dir='ltr'><strong>coetui</strong></span> <span class='ocrx_word' id='word_1_71' title='bbox 890 1555 1112 1622; x_wconf 84' lang='lat' dir='ltr'><strong>Leovardiensi</strong></span> <span class='ocrx_word' id='word_1_72' title='bbox 1122 1552 1336 1644; x_wconf 80' lang='lat' dir='ltr'><strong>Evangelium</strong></span> 
     </span>
     <span class='ocr_line' id='line_1_11' title="bbox 302 1668 1336 1756; baseline -0.002 -22"><span class='ocrx_word' id='word_1_73' title='bbox 302 1669 514 1754; x_wconf 84' lang='lat' dir='ltr'><strong>annuntiandi</strong></span> <span class='ocrx_word' id='word_1_74' title='bbox 539 1670 666 1735; x_wconf 80' lang='lat' dir='ltr'><strong>veniam</strong></span> <span class='ocrx_word' id='word_1_75' title='bbox 690 1669 760 1734; x_wconf 87' lang='lat' dir='ltr'><strong>dari</strong></span> <span class='ocrx_word' id='word_1_76' title='bbox 789 1685 960 1756; x_wconf 84' lang='lat' dir='ltr'><strong>cuperent,</strong></span> <span class='ocrx_word' id='word_1_77' title='bbox 990 1693 1023 1734; x_wconf 89' lang='lat' dir='ltr'><strong>se</strong></span> <span class='ocrx_word' id='word_1_78' title='bbox 1049 1669 1184 1734; x_wconf 81' lang='lat' dir='ltr'><strong>vicissim</strong></span> <span class='ocrx_word' id='word_1_79' title='bbox 1212 1668 1336 1732; x_wconf 90' lang='lat' dir='ltr'><strong>Docco-</strong></span> 
     </span>
     <span class='ocr_line' id='line_1_12' title="bbox 302 1777 1338 1868; baseline -0.003 -22"><span class='ocrx_word' id='word_1_80' title='bbox 302 1783 412 1848; x_wconf 88' lang='lat' dir='ltr'><strong>miensi</strong></span> <span class='ocrx_word' id='word_1_81' title='bbox 444 1782 737 1848; x_wconf 88' lang='lat' dir='ltr'><strong>Remonstrantium</strong></span> <span class='ocrx_word' id='word_1_82' title='bbox 767 1779 912 1846; x_wconf 86' lang='lat' dir='ltr'><strong>ecclesiae</strong></span> <span class='ocrx_word' id='word_1_83' title='bbox 941 1779 1057 1847; x_wconf 83' lang='lat' dir='ltr'><strong>similes</strong></span> <span class='ocrx_word' id='word_1_84' title='bbox 1081 1781 1239 1868; x_wconf 75' lang='lat' dir='ltr'><strong>suppetias</strong></span> <span class='ocrx_word' id='word_1_85' title='bbox 1254 1777 1338 1844; x_wconf 80' lang='lat' dir='ltr'><strong>ferre</strong></span> 
     </span>
     <span class='ocr_line' id='line_1_13' title="bbox 300 1891 1335 1983; baseline -0.003 -23"><span class='ocrx_word' id='word_1_86' title='bbox 300 1910 424 1982; x_wconf 85' lang='lat' dir='ltr'><strong>paratos</strong></span> <span class='ocrx_word' id='word_1_87' title='bbox 447 1893 514 1960; x_wconf 86' lang='lat' dir='ltr'><strong>fore</strong></span> <span class='ocrx_word' id='word_1_88' title='bbox 539 1891 734 1982; x_wconf 79' lang='lat' dir='ltr'><strong>pollicentes.</strong></span> <span class='ocrx_word' id='word_1_89' title='bbox 789 1894 947 1962; x_wconf 87' lang='lat' dir='ltr'><strong>Verrinus</strong></span> <span class='ocrx_word' id='word_1_90' title='bbox 970 1911 1097 1960; x_wconf 85' lang='lat' dir='ltr'><strong>strenue</strong></span> <span class='ocrx_word' id='word_1_91' title='bbox 1115 1917 1183 1958; x_wconf 88' lang='lat' dir='ltr'><strong>rem</strong></span> <span class='ocrx_word' id='word_1_92' title='bbox 1203 1891 1335 1983; x_wconf 76' lang='lat' dir='ltr'><strong>agebat,</strong></span> 
     </span>
     <span class='ocr_line' id='line_1_14' title="bbox 299 2005 1337 2095; baseline 0 -23"><span class='ocrx_word' id='word_1_93' title='bbox 299 2010 344 2072; x_wconf 89' lang='lat' dir='ltr'><strong>ita</strong></span> <span class='ocrx_word' id='word_1_94' title='bbox 360 2025 467 2073; x_wconf 91' lang='lat' dir='ltr'><strong>tamen</strong></span> <span class='ocrx_word' id='word_1_95' title='bbox 484 2024 522 2072; x_wconf 90' lang='lat' dir='ltr'><strong>ut</strong></span> <span class='ocrx_word' id='word_1_96' title='bbox 539 2009 598 2072; x_wconf 91' lang='lat' dir='ltr'><strong>nisi</strong></span> <span class='ocrx_word' id='word_1_97' title='bbox 615 2005 760 2074; x_wconf 89' lang='lat' dir='ltr'><strong>consulto</strong></span> <span class='ocrx_word' id='word_1_98' title='bbox 775 2006 983 2072; x_wconf 88' lang='lat' dir='ltr'><strong>Limborcbio</strong></span> <span class='ocrx_word' id='word_1_99' title='bbox 1003 2005 1087 2072; x_wconf 88' lang='lat' dir='ltr'><strong>nihil</strong></span> <span class='ocrx_word' id='word_1_100' title='bbox 1106 2007 1278 2095; x_wconf 87' lang='lat' dir='ltr'><strong>inciperet,</strong></span> <span class='ocrx_word' id='word_1_101' title='bbox 1294 2009 1337 2072; x_wconf 90' lang='lat' dir='ltr'><strong>si·</strong></span> 
     </span>
     <span class='ocr_line' id='line_1_15' title="bbox 301 2119 1337 2209; baseline 0.001 -25"><span class='ocrx_word' id='word_1_102' title='bbox 301 2120 453 2209; x_wconf 86' lang='lat' dir='ltr'><strong>quidem,</strong></span> <span class='ocrx_word' id='word_1_103' title='bbox 476 2121 566 2209; x_wconf 93' lang='lat' dir='ltr'><strong>quod</strong></span> <span class='ocrx_word' id='word_1_104' title='bbox 585 2121 745 2184; x_wconf 84' lang='lat' dir='ltr'><strong>verissime</strong></span> <span class='ocrx_word' id='word_1_105' title='bbox 763 2119 938 2202; x_wconf 81' lang='lat' dir='ltr'><strong>sentiebat,</strong></span> <span class='ocrx_word' id='word_1_106' title='bbox 960 2119 1073 2184; x_wconf 85' lang='lat' dir='ltr'><strong>bacin</strong></span> <span class='ocrx_word' id='word_1_107' title='bbox 1096 2141 1132 2184; x_wconf 85' lang='lat' dir='ltr'><strong>re</strong></span> <span class='ocrx_word' id='word_1_108' title='bbox 1150 2121 1200 2184; x_wconf 91' lang='lat' dir='ltr'><strong>uti</strong></span> <span class='ocrx_word' id='word_1_109' title='bbox 1213 2121 1247 2184; x_wconf 93' lang='lat' dir='ltr'><strong>in</strong></span> <span class='ocrx_word' id='word_1_110' title='bbox 1265 2143 1337 2185; x_wconf 90' lang='lat' dir='ltr'><strong>om·</strong></span> 
     </span>
     <span class='ocr_line' id='line_1_16' title="bbox 302 2229 1337 2321; baseline 0 -23"><span class='ocrx_word' id='word_1_111' title='bbox 302 2231 399 2298; x_wconf 89' lang='lat' dir='ltr'><strong>nibus</strong></span> <span class='ocrx_word' id='word_1_112' title='bbox 418 2230 484 2296; x_wconf 80' lang='lat' dir='ltr'><strong>lere</strong></span> <span class='ocrx_word' id='word_1_113' title='bbox 504 2247 594 2297; x_wconf 83' lang='lat' dir='ltr'><strong>erant</strong></span> <span class='ocrx_word' id='word_1_114' title='bbox 612 2233 686 2320; x_wconf 75' lang='grc' dir='ltr'><strong>ἔργα</strong></span> <span class='ocrx_word' id='word_1_115' title='bbox 705 2233 742 2299; x_wconf 78' lang='grc' dir='ltr'><strong>δὲ</strong></span> <span class='ocrx_word' id='word_1_116' title='bbox 760 2230 851 2313; x_wconf 72' lang='grc' dir='ltr'><strong><em>νέων,</em></strong></span> <span class='ocrx_word' id='word_1_117' title='bbox 871 2235 980 2318; x_wconf 72' lang='grc' dir='ltr'><strong><em>βουλαὶ</em></strong></span> <span class='ocrx_word' id='word_1_118' title='bbox 998 2233 1035 2299; x_wconf 76' lang='grc' dir='ltr'><strong>δὲ</strong></span> <span class='ocrx_word' id='word_1_119' title='bbox 1052 2229 1207 2321; x_wconf 73' lang='grc' dir='ltr'><strong><em>γερόντων.</em></strong></span> <span class='ocrx_word' id='word_1_120' title='bbox 1248 2235 1337 2298; x_wconf 89' lang='lat' dir='ltr'><strong>Tan-</strong></span> 
     </span>
     <span class='ocr_line' id='line_1_17' title="bbox 301 2343 1338 2434; baseline 0 -24"><span class='ocrx_word' id='word_1_121' title='bbox 301 2361 409 2433; x_wconf 85' lang='lat' dir='ltr'><strong>topere</strong></span> <span class='ocrx_word' id='word_1_122' title='bbox 433 2347 468 2410; x_wconf 92' lang='lat' dir='ltr'><strong>in</strong></span> <span class='ocrx_word' id='word_1_123' title='bbox 495 2367 578 2412; x_wconf 82' lang='lat' dir='ltr'><strong>nova</strong></span> <span class='ocrx_word' id='word_1_124' title='bbox 604 2344 667 2410; x_wconf 88' lang='lat' dir='ltr'><strong>hac</strong></span> <span class='ocrx_word' id='word_1_125' title='bbox 693 2346 830 2410; x_wconf 83' lang='lat' dir='ltr'><strong>amicitia</strong></span> <span class='ocrx_word' id='word_1_126' title='bbox 853 2345 914 2411; x_wconf 89' lang='lat' dir='ltr'><strong>sibi</strong></span> <span class='ocrx_word' id='word_1_127' title='bbox 933 2343 1104 2434; x_wconf 84' lang='lat' dir='ltr'><strong>placebant</strong></span> <span class='ocrx_word' id='word_1_128' title='bbox 1131 2345 1338 2410; x_wconf 85' lang='lat' dir='ltr'><strong>Mennonitae</strong></span> 
     </span>
     <span class='ocr_line' id='line_1_18' title="bbox 301 2455 1339 2545; baseline -0.002 -23"><span class='ocrx_word' id='word_1_129' title='bbox 301 2474 359 2537; x_wconf 88' lang='lat' dir='ltr'><strong>ut,</strong></span> <span class='ocrx_word' id='word_1_130' title='bbox 392 2455 565 2545; x_wconf 83' lang='lat' dir='ltr'><strong>plaudente</strong></span> <span class='ocrx_word' id='word_1_131' title='bbox 593 2457 754 2541; x_wconf 85' lang='lat' dir='ltr'><strong>Verrino,</strong></span> <span class='ocrx_word' id='word_1_132' title='bbox 786 2459 953 2524; x_wconf 86' lang='lat' dir='ltr'><strong>arctiorem</strong></span> <span class='ocrx_word' id='word_1_133' title='bbox 979 2458 1076 2522; x_wconf 84' lang='lat' dir='ltr'><strong>etiam</strong></span> <span class='ocrx_word' id='word_1_134' title='bbox 1106 2456 1339 2522; x_wconf 75' lang='lat' dir='ltr'><strong>meditarentur</strong></span> 
     </span>
     <span class='ocr_line' id='line_1_19' title="bbox 303 2567 1339 2660; baseline -0.002 -24"><span class='ocrx_word' id='word_1_135' title='bbox 303 2573 578 2658; x_wconf 80' lang='lat' dir='ltr'><strong>conjunctionem,</strong></span> <span class='ocrx_word' id='word_1_136' title='bbox 602 2587 699 2660; x_wconf 83' lang='lat' dir='ltr'><strong>etque</strong></span> <span class='ocrx_word' id='word_1_137' title='bbox 726 2569 893 2637; x_wconf 88' lang='lat' dir='ltr'><strong>nonnullis</strong></span> <span class='ocrx_word' id='word_1_138' title='bbox 911 2571 1025 2650; x_wconf 83' lang='lat' dir='ltr'><strong>esuis,</strong></span> <span class='ocrx_word' id='word_1_139' title='bbox 1050 2571 1110 2658; x_wconf 84' lang='lat' dir='ltr'><strong>qui</strong></span> <span class='ocrx_word' id='word_1_140' title='bbox 1125 2567 1216 2634; x_wconf 91' lang='lat' dir='ltr'><strong>illam</strong></span> <span class='ocrx_word' id='word_1_141' title='bbox 1231 2577 1339 2656; x_wconf 81' lang='lat' dir='ltr'><strong>asper-</strong></span> 
     </span>
     <span class='ocr_line' id='line_1_20' title="bbox 302 2681 1340 2766; baseline -0.002 -18"><span class='ocrx_word' id='word_1_142' title='bbox 302 2700 478 2762; x_wconf 83' lang='lat' dir='ltr'><strong>narentur,</strong></span> <span class='ocrx_word' id='word_1_143' title='bbox 509 2685 733 2764; x_wconf 80' lang='lat' dir='ltr'><strong>cnmmunione</strong></span> <span class='ocrx_word' id='word_1_144' title='bbox 762 2708 817 2748; x_wconf 87' lang='lat' dir='ltr'><strong>sua</strong></span> <span class='ocrx_word' id='word_1_145' title='bbox 844 2681 1189 2751; x_wconf 81' lang='lat' dir='ltr'><strong>interdicere&#39;vellent.</strong></span> <span class='ocrx_word' id='word_1_146' title='bbox 1243 2683 1340 2766; x_wconf 86' lang='lat' dir='ltr'><strong>Quod</strong></span> 
     </span>
    </p>
   </div>
   <div class='ocr_carea' id='block_1_5' title="bbox 302 2795 1472 2885">
    <p class='ocr_par' dir='ltr' id='par_1_5' title="bbox 302 2795 1472 2885">
     <span class='ocr_line' id='line_1_21' title="bbox 302 2795 1472 2885; baseline -0.003 -23"><span class='ocrx_word' id='word_1_147' title='bbox 302 2795 361 2862; x_wconf 92' lang='lat' dir='ltr'><strong>ubi</strong></span> <span class='ocrx_word' id='word_1_148' title='bbox 379 2819 436 2884; x_wconf 86' lang='lat' dir='ltr'><strong>per</strong></span> <span class='ocrx_word' id='word_1_149' title='bbox 450 2796 627 2863; x_wconf 88' lang='lat' dir='ltr'><strong>Verrinum</strong></span> <span class='ocrx_word' id='word_1_150' title='bbox 644 2813 806 2885; x_wconf 84' lang='lat' dir='ltr'><strong>acceperat</strong></span> <span class='ocrx_word' id='word_1_151' title='bbox 826 2795 1051 2860; x_wconf 74' lang='lat' dir='ltr'><strong>In&#39;mborcbius</strong></span> <span class='ocrx_word' id='word_1_152' title='bbox 1066 2796 1174 2863; x_wconf 81' lang='lat' dir='ltr'><strong>statim</strong></span> <span class='ocrx_word' id='word_1_153' title='bbox 1189 2795 1231 2860; x_wconf 78' lang='lat' dir='ltr'><strong>ad</strong></span> <span class='ocrx_word' id='word_1_154' title='bbox 1249 2795 1340 2860; x_wconf 88' lang='lat' dir='ltr'><strong>hunc</strong></span> <span class='ocrx_word' id='word_1_155' title='bbox 1471 2862 1472 2869; x_wconf 9' lang='grc' dir='ltr'>χ</span> 
     </span>
    </p>
   </div>
   <div class='ocr_carea' id='block_1_6' title="bbox 302 2908 1341 3222">
    <p class='ocr_par' dir='ltr' id='par_1_6' title="bbox 302 2908 1341 3222">
     <span class='ocr_line' id='line_1_22' title="bbox 302 2908 1340 2997; baseline -0.003 -22"><span class='ocrx_word' id='word_1_156' title='bbox 302 2910 457 2997; x_wconf 79' lang='lat' dir='ltr'><strong>rescripsit</strong></span> <span class='ocrx_word' id='word_1_157' title='bbox 471 2933 505 2975; x_wconf 86' lang='lat' dir='ltr'><strong>sa</strong></span> <span class='ocrx_word' id='word_1_158' title='bbox 520 2911 555 2974; x_wconf 92' lang='lat' dir='ltr'><strong>in</strong></span> <span class='ocrx_word' id='word_1_159' title='bbox 576 2909 728 2978; x_wconf 87' lang='lat' dir='ltr'><strong>omnibns</strong></span> <span class='ocrx_word' id='word_1_160' title='bbox 744 2908 843 2989; x_wconf 81' lang='lat' dir='ltr'><strong>ferme</strong></span> <span class='ocrx_word' id='word_1_161' title='bbox 861 2908 979 2992; x_wconf 76' lang='lat' dir='ltr'><strong>rebus,</strong></span> <span class='ocrx_word' id='word_1_162' title='bbox 1001 2910 1170 2997; x_wconf 80' lang='lat' dir='ltr'><strong>praecipue</strong></span> <span class='ocrx_word' id='word_1_163' title='bbox 1189 2931 1274 2997; x_wconf 75' lang='lat' dir='ltr'><strong>qtue</strong></span> <span class='ocrx_word' id='word_1_164' title='bbox 1296 2908 1340 2972; x_wconf 82' lang='lat' dir='ltr'><strong>ed</strong></span> 
     </span>
     <span class='ocr_line' id='line_1_23' title="bbox 302 3019 1340 3111; baseline -0.001 -24"><span class='ocrx_word' id='word_1_165' title='bbox 302 3021 488 3111; x_wconf 80' lang='lat' dir='ltr'><strong>religionem</strong></span> <span class='ocrx_word' id='word_1_166' title='bbox 506 3024 705 3108; x_wconf 78' lang='lat' dir='ltr'><strong>pertineant,</strong></span> <span class='ocrx_word' id='word_1_167' title='bbox 727 3023 795 3084; x_wconf 86' lang='lat' dir='ltr'><strong>vim</strong></span> <span class='ocrx_word' id='word_1_168' title='bbox 818 3021 1019 3108; x_wconf 86' lang='lat' dir='ltr'><strong>improbare;</strong></span> <span class='ocrx_word' id='word_1_169' title='bbox 1042 3019 1244 3086; x_wconf 85' lang='lat' dir='ltr'><strong>tolerantiam</strong></span> <span class='ocrx_word' id='word_1_170' title='bbox 1262 3043 1340 3086; x_wconf 81' lang='lat' dir='ltr'><strong>veno</strong></span> 
     </span>
     <span class='ocr_line' id='line_1_24' title="bbox 304 3131 1341 3222; baseline -0.001 -23"><span class='ocrx_word' id='word_1_171' title='bbox 304 3151 515 3222; x_wconf 72' lang='lat' dir='ltr'><strong>moniamque</strong></span> <span class='ocrx_word' id='word_1_172' title='bbox 539 3135 700 3198; x_wconf 77' lang='lat' dir='ltr'><strong>ceritatem</strong></span> <span class='ocrx_word' id='word_1_173' title='bbox 722 3157 761 3198; x_wconf 85' lang='lat' dir='ltr'><strong>ac</strong></span> <span class='ocrx_word' id='word_1_174' title='bbox 780 3131 1004 3198; x_wconf 85' lang='lat' dir='ltr'><strong>liberalitatem</strong></span> <span class='ocrx_word' id='word_1_175' title='bbox 1029 3134 1228 3198; x_wconf 84' lang='lat' dir='ltr'><strong>anathemate</strong></span> <span class='ocrx_word' id='word_1_176' title='bbox 1250 3157 1341 3199; x_wconf 90' lang='lat' dir='ltr'><strong>com-</strong></span> 
     </span>
    </p>
   </div>
   <div class='ocr_carea' id='block_1_7' title="bbox 258 3237 1472 3448">
    <p class='ocr_par' dir='ltr' id='par_1_7' title="bbox 258 3237 1472 3448">
     <span class='ocr_line' id='line_1_25' title="bbox 258 3237 1472 3336; baseline -0.001 -22"><span class='ocrx_word' id='word_1_177' title='bbox 258 3237 260 3248; x_wconf 65' lang='lat'>&#39;</span> <span class='ocrx_word' id='word_1_178' title='bbox 305 3247 456 3314; x_wconf 80' lang='lat' dir='ltr'><strong>mendace</strong></span> <span class='ocrx_word' id='word_1_179' title='bbox 491 3245 740 3336; x_wconf 88' lang='lat' dir='ltr'><strong>hominibusque</strong></span> <span class='ocrx_word' id='word_1_180' title='bbox 779 3247 967 3334; x_wconf 81' lang='lat' dir='ltr'><strong>persuadere</strong></span> <span class='ocrx_word' id='word_1_181' title='bbox 998 3244 1093 3312; x_wconf 84' lang='lat' dir='ltr'><strong>velle</strong></span> <span class='ocrx_word' id='word_1_182' title='bbox 1119 3269 1247 3334; x_wconf 86' lang='lat' dir='ltr'><strong>prorsus</strong></span> <span class='ocrx_word' id='word_1_183' title='bbox 1276 3271 1341 3312; x_wconf 86' lang='lat' dir='ltr'><strong>esse</strong></span> <span class='ocrx_word' id='word_1_184' title='bbox 1471 3324 1472 3327; x_wconf 8' lang='grc' dir='ltr'><strong>Ἴ</strong></span> 
     </span>
     <span class='ocr_line' id='line_1_26' title="bbox 305 3354 1472 3448; baseline 0.005 -25"><span class='ocrx_word' id='word_1_185' title='bbox 305 3361 451 3446; x_wconf 89' lang='lat' dir='ltr'><strong>ineptum</strong></span> <span class='ocrx_word' id='word_1_186' title='bbox 470 3376 567 3448; x_wconf 88' lang='lat' dir='ltr'><strong>atque</strong></span> <span class='ocrx_word' id='word_1_187' title='bbox 584 3356 745 3424; x_wconf 91' lang='lat' dir='ltr'><strong>illicitum.</strong></span> <span class='ocrx_word' id='word_1_188' title='bbox 792 3358 1028 3424; x_wconf 79' lang='lat' dir='ltr'><strong>Commercimn</strong></span> <span class='ocrx_word' id='word_1_189' title='bbox 1050 3383 1125 3424; x_wconf 88' lang='lat' dir='ltr'><strong>cum</strong></span> <span class='ocrx_word' id='word_1_190' title='bbox 1145 3359 1341 3428; x_wconf 86' lang='lat' dir='ltr'><strong>Mennonitis</strong></span> <span class='ocrx_word' id='word_1_191' title='bbox 1471 3354 1472 3429; x_wconf 74' lang='lat' dir='ltr'><strong>l</strong></span> 
     </span>
    </p>
   </div>
   <div class='ocr_carea' id='block_1_8' title="bbox 307 3468 1342 3560">
    <p class='ocr_par' dir='ltr' id='par_1_8' title="bbox 307 3468 1342 3560">
     <span class='ocr_line' id='line_1_27' title="bbox 307 3468 1342 3560; baseline 0.002 -24"><span class='ocrx_word' id='word_1_192' title='bbox 307 3471 414 3536; x_wconf 87' lang='lat' dir='ltr'><strong>Frisiis</strong></span> <span class='ocrx_word' id='word_1_193' title='bbox 442 3468 569 3560; x_wconf 88' lang='lat' dir='ltr'><strong>longius</strong></span> <span class='ocrx_word' id='word_1_194' title='bbox 598 3471 694 3534; x_wconf 86' lang='lat' dir='ltr'><strong>etiam</strong></span> <span class='ocrx_word' id='word_1_195' title='bbox 721 3473 891 3558; x_wconf 76' lang='lat' dir='ltr'><strong>pertinuit3</strong></span> <span class='ocrx_word' id='word_1_196' title='bbox 922 3496 1035 3536; x_wconf 80' lang='lat' dir='ltr'><strong>verum</strong></span> <span class='ocrx_word' id='word_1_197' title='bbox 1063 3473 1103 3536; x_wconf 90' lang='lat' dir='ltr'><strong>de</strong></span> <span class='ocrx_word' id='word_1_198' title='bbox 1125 3497 1163 3538; x_wconf 91' lang='lat' dir='ltr'><strong>ec</strong></span> <span class='ocrx_word' id='word_1_199' title='bbox 1184 3497 1342 3560; x_wconf 81' lang='lat' dir='ltr'><strong>exponere</strong></span> 
     </span>
    </p>
   </div>
   <div class='ocr_carea' id='block_1_9' title="bbox 306 3583 1472 4235">
    <p class='ocr_par' dir='ltr' id='par_1_9' title="bbox 306 3583 1472 4235">
     <span class='ocr_line' id='line_1_28' title="bbox 306 3583 1472 3674; baseline 0 -26"><span class='ocrx_word' id='word_1_200' title='bbox 306 3607 417 3648; x_wconf 86' lang='lat' dir='ltr'><strong>meum</strong></span> <span class='ocrx_word' id='word_1_201' title='bbox 436 3605 503 3648; x_wconf 92' lang='lat' dir='ltr'><strong>non</strong></span> <span class='ocrx_word' id='word_1_202' title='bbox 519 3599 575 3646; x_wconf 89' lang='lat' dir='ltr'><strong>est.</strong></span> <span class='ocrx_word' id='word_1_203' title='bbox 601 3583 671 3647; x_wconf 91' lang='lat' dir='ltr'><strong>Hoc</strong></span> <span class='ocrx_word' id='word_1_204' title='bbox 688 3583 824 3663; x_wconf 87' lang='lat' dir='ltr'><strong>addam,</strong></span> <span class='ocrx_word' id='word_1_205' title='bbox 848 3583 1092 3648; x_wconf 90' lang='lat' dir='ltr'><strong>Limborcbium</strong></span> <span class='ocrx_word' id='word_1_206' title='bbox 1108 3608 1177 3648; x_wconf 90' lang='lat' dir='ltr'><strong>rem</strong></span> <span class='ocrx_word' id='word_1_207' title='bbox 1194 3585 1237 3649; x_wconf 92' lang='lat' dir='ltr'><strong>ad</strong></span> <span class='ocrx_word' id='word_1_208' title='bbox 1256 3584 1342 3674; x_wconf 78' lang='lat' dir='ltr'><strong>Syn-</strong></span> <span class='ocrx_word' id='word_1_209' title='bbox 1471 3610 1472 3619; x_wconf 52' lang='lat'>¹</span> 
     </span>
     <span class='ocr_line' id='line_1_29' title="bbox 309 3685 1472 3785; baseline 0.001 -24"><span class='ocrx_word' id='word_1_210' title='bbox 309 3696 410 3761; x_wconf 85' lang='lat' dir='ltr'><strong>odum</strong></span> <span class='ocrx_word' id='word_1_211' title='bbox 437 3685 615 3785; x_wconf 70' lang='lat' dir='ltr'><strong>generdlem</strong></span> <span class='ocrx_word' id='word_1_212' title='bbox 635 3693 944 3778; x_wconf 84' lang='lat' dir='ltr'><strong>Remonstrantium,</strong></span> <span class='ocrx_word' id='word_1_213' title='bbox 968 3719 1051 3784; x_wconf 89' lang='lat' dir='ltr'><strong>quae</strong></span> <span class='ocrx_word' id='word_1_214' title='bbox 1067 3720 1153 3761; x_wconf 88' lang='lat' dir='ltr'><strong>anno</strong></span> <span class='ocrx_word' id='word_1_215' title='bbox 1177 3699 1263 3762; x_wconf 78' lang='lat'><strong>1703</strong></span> <span class='ocrx_word' id='word_1_216' title='bbox 1280 3697 1341 3762; x_wconf 86' lang='lat' dir='ltr'><strong>ha·</strong></span> <span class='ocrx_word' id='word_1_217' title='bbox 1471 3756 1472 3769; x_wconf 64' lang='lat'><strong>.</strong></span> 
     </span>
     <span class='ocr_line' id='line_1_30' title="bbox 311 3805 1342 3898; baseline 0.003 -26"><span class='ocrx_word' id='word_1_218' title='bbox 311 3807 379 3872; x_wconf 87' lang='lat' dir='ltr'><strong>bita</strong></span> <span class='ocrx_word' id='word_1_219' title='bbox 403 3805 484 3886; x_wconf 89' lang='lat' dir='ltr'><strong>fuit,</strong></span> <span class='ocrx_word' id='word_1_220' title='bbox 514 3805 674 3888; x_wconf 81' lang='lat' dir='ltr'><strong>retulisse3</strong></span> <span class='ocrx_word' id='word_1_221' title='bbox 705 3805 873 3898; x_wconf 79' lang='lat' dir='ltr'><strong>Synodnm</strong></span> <span class='ocrx_word' id='word_1_222' title='bbox 895 3831 971 3872; x_wconf 88' lang='lat' dir='ltr'><strong>vero</strong></span> <span class='ocrx_word' id='word_1_223' title='bbox 993 3812 1060 3896; x_wconf 91' lang='lat' dir='ltr'><strong>ejus</strong></span> <span class='ocrx_word' id='word_1_224' title='bbox 1086 3812 1342 3896; x_wconf 86' lang='lat' dir='ltr'><strong>procurationem</strong></span> 
     </span>
     <span class='ocr_line' id='line_1_31' title="bbox 307 3918 1339 4012; baseline 0.003 -27"><span class='ocrx_word' id='word_1_225' title='bbox 307 3920 461 4012; x_wconf 75' lang='lat' dir='ltr'><strong>synedriis</strong></span> <span class='ocrx_word' id='word_1_226' title='bbox 473 3920 731 3986; x_wconf 87' lang='lat' dir='ltr'><strong>Roterodamensi</strong></span> <span class='ocrx_word' id='word_1_227' title='bbox 745 3937 777 3986; x_wconf 91' lang='lat' dir='ltr'><strong>et</strong></span> <span class='ocrx_word' id='word_1_228' title='bbox 789 3918 1075 3987; x_wconf 85' lang='lat' dir='ltr'><strong>Amstelodamensi</strong></span> <span class='ocrx_word' id='word_1_229' title='bbox 1091 3924 1339 4005; x_wconf 80' lang='lat' dir='ltr'><strong>commendasse3</strong></span> 
     </span>
     <span class='ocr_line' id='line_1_32' title="bbox 308 4031 1472 4120; baseline 0.003 -23"><span class='ocrx_word' id='word_1_230' title='bbox 308 4033 386 4098; x_wconf 88' lang='lat' dir='ltr'><strong>haec</strong></span> <span class='ocrx_word' id='word_1_231' title='bbox 412 4057 520 4097; x_wconf 90' lang='lat' dir='ltr'><strong>rursus</strong></span> <span class='ocrx_word' id='word_1_232' title='bbox 538 4055 597 4120; x_wconf 82' lang='lat' dir='ltr'><strong>per</strong></span> <span class='ocrx_word' id='word_1_233' title='bbox 621 4057 727 4100; x_wconf 88' lang='lat' dir='ltr'><strong>unum</strong></span> <span class='ocrx_word' id='word_1_234' title='bbox 743 4031 807 4097; x_wconf 83' lang='lat' dir='ltr'><strong>lere</strong></span> <span class='ocrx_word' id='word_1_235' title='bbox 831 4033 1074 4098; x_wconf 86' lang='lat' dir='ltr'><strong>Limborcbium</strong></span> <span class='ocrx_word' id='word_1_236' title='bbox 1091 4057 1168 4099; x_wconf 88' lang='lat' dir='ltr'><strong>cum</strong></span> <span class='ocrx_word' id='word_1_237' title='bbox 1189 4033 1343 4100; x_wconf 78' lang='lat' dir='ltr'><strong>fratribus</strong></span> <span class='ocrx_word' id='word_1_238' title='bbox 1471 4034 1472 4093; x_wconf 65' lang='lat' dir='ltr'><strong>l</strong></span> 
     </span>
     <span class='ocr_line' id='line_1_33' title="bbox 310 4144 630 4235; baseline 0 -25"><span class='ocrx_word' id='word_1_239' title='bbox 310 4144 505 4210; x_wconf 87' lang='lat' dir='ltr'><strong>Mennonitis</strong></span> <span class='ocrx_word' id='word_1_240' title='bbox 524 4145 630 4235; x_wconf 86' lang='lat' dir='ltr'><strong>egisse.</strong></span> 
     </span>
    </p>
   </div>
   <div class='ocr_carea' id='block_1_10' title="bbox 353 4248 1472 4348">
    <p class='ocr_par' dir='ltr' id='par_1_10' title="bbox 353 4248 1472 4348">
     <span class='ocr_line' id='line_1_34' title="bbox 353 4248 1472 4348; baseline 0.004 -25"><span class='ocrx_word' id='word_1_241' title='bbox 353 4258 537 4348; x_wconf 86' lang='lat' dir='ltr'><strong>Antequam</strong></span> <span class='ocrx_word' id='word_1_242' title='bbox 564 4257 643 4322; x_wconf 75' lang='lat' dir='ltr'><strong>haec</strong></span> <span class='ocrx_word' id='word_1_243' title='bbox 672 4258 759 4322; x_wconf 90' lang='lat' dir='ltr'><strong>domi</strong></span> <span class='ocrx_word' id='word_1_244' title='bbox 792 4257 1003 4348; x_wconf 83' lang='lat' dir='ltr'><strong>gerebantur,</strong></span> <span class='ocrx_word' id='word_1_245' title='bbox 1037 4277 1218 4326; x_wconf 82' lang='lat' dir='ltr'><strong>exterorum</strong></span> <span class='ocrx_word' id='word_1_246' title='bbox 1247 4263 1342 4327; x_wconf 82' lang='lat' dir='ltr'><strong>etiam</strong></span> <span class='ocrx_word' id='word_1_247' title='bbox 1471 4248 1472 4267; x_wconf 44' lang='lat'>¹</span> 
     </span>
    </p>
   </div>
   <div class='ocr_carea' id='block_1_11' title="bbox 0 0 1501 5284">
    <p class='ocr_par' dir='ltr' id='par_1_11' title="bbox 0 0 1501 5284">
     <span class='ocr_line' id='line_1_35' title="bbox 0 0 1501 5284; baseline 0 0"><span class='ocrx_word' id='word_1_248' title='bbox 0 0 1501 5284; x_wconf 95' lang='lat' dir='ltr'><strong> </strong></span> 
     </span>
    </p>
   </div>
  </div>
 </body>
</html>
