2959 5284
463 1260 931 1379 ruocooou

634 1596 750 1615 -00—

171 1816 350 1924 verianima
367 1859 447 1924 mihi
465 1860 604 1943 videtur,
619 1861 646 1925 si
663 1882 729 1950 qna
743 1857 825 1941 alia,
839 1860 1000 1928 clarissimi
1017 1863 1111 1928 Kistii
1126 1887 1203 1943 vor,

171 1975 342 2040 monentis:
371 1973 552 2039 inchoatam
582 1975 721 2040 necdum
749 1971 927 2062 perfectam
953 1997 1018 2040 cue
1044 1997 1206 2040 sacrorum

55 2063 90 2140 ι’
170 2088 422 2154 emendationem
436 2087 461 2152 ¹.
516 2087 629 2172 Quod,
661 2111 737 2154 cum
762 2087 803 2152 de
831 2088 977 2154 universa
1007 2103 1040 2153 et
1066 2065 1206 2154 Ecclesia

171 2217 203 2264 et
222 2197 396 2290 Theologia
416 2199 600 2268 ‘Christiana
622 2199 744 2284 valeat,
767 2197 853 2265 valet
874 2201 1002 2284 tamen,
1025 2202 1061 2266 ni
1088 2198 1204 2280 fallor,

170 2313 338 2401 praecipue
358 2328 389 2376 et
408 2310 559 2399 peculiari
579 2313 718 2402 quadam
736 2312 859 2376 ratione
875 2311 1103 2404 deTheologia
1116 2315 1206 2403 Dog-

170 2427 283 2490 matioa
301 2448 326 2490 s.
347 2423 572 2515 systematica,
597 2425 680 2515 quae
704 2423 832 2490 dicium.
877 2422 996 2490 Melior
1015 2442 1061 2490 est
1082 2440 1206 2491 nosno-

170 2561 244 2602 rnm
262 2537 433 2604 hominum
455 2538 672 2626 interpretatio
689 2536 776 2604 Sacri
796 2535 919 2603 Codicis
938 2560 1037 2627 qnam
1057 2536 1120 2602 fuit
1140 2538 1207 2602 Ec-

170 2649 279 2727 clesiae
302 2652 465 2742 antiquae,
490 2668 556 2716 tam
579 2648 738 2728 orientalis
757 2674 857 2740 quam
875 2649 1088 2716 occidentalia.
1113 2649 1206 2716 Mul-

171 2781 242 2830 tum
268 2789 286 2830 a
309 2764 402 2830 sacris
429 2764 505 2828 inde
526 2764 697 2828 emendatis
718 2764 754 2826 in
776 2762 913 2828 Historia
939 2761 1154 2829 Ecclesiastico
1173 2780 1206 2828 et

169 2875 385 2967 cognoscenda
396 2891 428 2938 et
438 2872 642 2964 intelligenda
656 2890 688 2937 et
699 2873 875 2938 enarranda
882 2871 1083 2960 profecimus.
1109 2875 1206 2938 Ethi-

170 3015 205 3056 ca
228 3005 335 3054 nostra
361 3003 394 3052 et
414 2985 556 3054 Ascetica
575 3007 642 3050 non
668 3007 784 3074 parum
804 2983 846 3050 alr
873 2985 1082 3074 antiquorum
1103 2983 1204 3074 placi·

170 3106 208 3170 tie
228 3102 436 3191 discrepantia
453 3101 585 3181 docent,
609 3115 749 3188 suntque
769 3121 842 3164 vere
864 3096 1095 3189 Evangelicae,
1110 3124 1204 3189 prac-

168 3233 258 3305 cepta
268 3213 383 3282 sal'tem
400 3216 425 3280 si
444 3230 569 3302 spectro.
580 3229 612 3277 et
632 3209 792 3293 indolem
807 3212 849 3276 de
867 3211 1022 3278 methodo
1039 3215 1126 3278 enim
1136 3239 1201 3303 qua

168 3330 284 3395 Echion
306 3325 405 3418 vulgo
434 3325 570 3395 traditur
598 3347 675 3390 non¹
691 3325 807 3412 injuria
830 3325 922 3414 queri
948 3325 1100 3393 videntur
1117 3349 1202 3392 non—

169 3438 264 3506 nulli.
286 3439 471 3530 Dogmatioa
493 3461 569 3503 vero
578 3485 589 3517 ,
603 3441 641 3502 ut
654 3436 745 3527 qnod
762 3439 861 3503 sentio
877 3438 1002 3517 dicam,
1017 3439 1202 3506 etiamnunc

167 3578 318 3646 magnam
337 3555 426 3618 ‘oute
455 3567 579 3640 partem
604 3550 766 3618 Pa'trirtica
791 3551 890 3642 magia
915 3565 961 3614 est
992 3566 1024 3613 et
1053 3549 1201 3640 Scholas}

170 3671 250 3747 tica,
272 3667 371 3756 qaam
393 3661 534 3743 Biblica,
558 3660 768 3754 Euangeliou,
793 3659 994 3752 Apostolica3
1010 3685 1081 3730 nou
1097 3661 1200 3729 forma

168 3779 295 3847 tantum
317 3781 517 3865 auternoque'
540 3772 677 3856 haliitu,
704 3797 820 3838 uerum
841 3771 895 3839 uel
917 3775 1073 3862 imprimis
1092 3775 1201 3842 indole

203 4071 262 4122 lii.
281 4074 310 4122 C.
330 4074 399 4132 Kist,
419 4074 502 4123 Oratio
525 4074 556 4122 do
577 4074 689 4124 inchoata
713 4074 817 4122 necdum
835 4071 943 4135 perfecta
968 4087 1092 4122 carrorum
1116 4089 1198 4123 emcn-

166 4171 274 4220 datione.
312 4169 399 4219 Habita
415 4169 455 4217 die
472 4169 529 4218 viii
540 4169 575 4218 ii.
592 4169 719 4218 Februarii
733 4169 962 4230 mccxxxvii,
983 4185 1039 4220 cum
1054 4171 1198 4221 Academiae

168 4265 402 4327 tugiunt-Briareo
419 4265 585 4325 magistratum
603 4266 696 4314 solenni
715 4265 765 4314 ritu
784 4276 895 4329 poneret.

1024 4362 1038 4420 1
1120 4312 1123 4318 '
1204 4386 1213 4394 .
