2959 5284
574 477 749 542 ..39...

137 656 198 724 dat
213 658 254 726 ad
272 660 488 731 antecedentia
501 678 534 726 et
547 659 789 749 concernentia,
805 683 844 724 ex
858 682 1000 749 quorum
1011 683 1088 726 cunr
1102 685 1174 727 ver·

135 771 206 853 bis,
234 797 318 863 qnae
343 772 557 862 explicaturus
584 789 650 858 est,
671 797 760 838 nexu
780 771 876 839 facile
888 776 1024 840 auctoris
1041 798 1174 862 scopum

134 883 288 976 colliget,
317 909 383 975 quo
409 909 476 953 uon
500 887 718 952 animadverso
741 884 838 977 longe
868 884 948 952 alius
965 910 1056 975 saepe
1075 910 1173 976 quarn

134 1014 251 1064 auctor
276 999 411 1066 intendit
435 998 601 1088 apparebit
622 997 798 1065 subortam
817 1019 935 1065 sensus.
973 999 1021 1064 Ut
1039 998 1174 1064 obseura

134 1108 274 1198 explicet
294 1135 351 1200 per
368 1110 521 1196 clariora,
539 1131 607 1179 non
626 1135 701 1178 vero
719 1110 804 1178 clara
823 1135 882 1200 per
900 1094 1094 1178 obscuriora
1124 1113 1173 1178 Ut

69 1261 71 1270 ι
134 1223 309 1314 distinguat
337 1227 419 1290 inter
441 1227 597 1291 orationes
621 1224 816 1311 proprisset
835 1223 996 1314 figuratas
1036 1225 1173 1306 Quando

133 1333 307 1426 figur-atam
333 1338 508 1400 orationem
531 1333 687 1424 explicet,
712 1351 745 1400 et
763 1336 798 1399 in
815 1337 978 1423 propriam
996 1337 1171 1418 convertit,

132 1464 176 1513 ut
199 1471 266 1514 non
291 1449 418 1531 omnia,
447 1449 582 1538 quaein
603 1445 705 1538 figura
722 1445 883 1512 observari
899 1464 1050 1536 possunt,
1068 1445 1173 1535 appli-

132 1577 188 1626 cet
215 1562 260 1624 rei
286 1559 421 1650 figurata
442 1558 603 1626 locutione
634 1560 830 1651 designatae,
858 1560 912 1626 sed
943 1583 1011 1626 non
1038 1557 1173 1626 ulterius

132 1697 236 1763 quam
260 1673 408 1756 materiae
426 1675 506 1739 ratio
528 1689 585 1738 aut
615 1695 727 1761 scopus
756 1674 892 1738 auctoris
910 1675 1076 1761 permittit.
1124 1673 1173 1738 Ut

132 1784 269 1852 nullum
297 1787 444 1852 admittat
468 1809 613 1870 sensum,
641 1788 698 1875 qui
720 1784 882 1876 analogiae
902 1785 976 1850 fidei
997 1787 1172 1876 utrobique

133 1901 173 1964 in
190 1897 352 1986 Scriptura
368 1897 451 1964 clare
467 1896 642 1964 inculcatae
655 1914 834 1989 repugnet,
850 1915 908 1964 aut
923 1922 963 1962 ex
978 1921 1044 1987 qua
1056 1897 1172 1964 abstar-

132 2013 217 2078 dum
244 2012 371 2078 evidens
397 2013 582 2102 sequatur.''
628 2013 831 2078 Postremum
849 2012 946 2078 hocce
965 2027 1172 2100 praeceptum

133 2123 301 2192 nonnullis
321 2123 518 2214 displicebit,
537 2126 678 2190 nimium
697 2149 797 2216 quam
816 2123 957 2215 placebit
973 2123 1053 2190 aliis.
1098 2126 1171 2192 Dis-

132 2235 268 2326 plioebit
296 2235 357 2302 illis
379 2240 490 2326 quiin
508 2235 661 2328 religione
679 2236 812 2304 nullum
828 2239 958 2303 rationis
977 2235 1086 2304 locum
1104 2261 1171 2305 csse

133 2350 330 2416 contendant
346 2366 377 2414 et
394 2349 520 2414 credere
534 2366 642 2414 ament
662 2352 738 2438 quia
759 2349 947 2416 abeundum.
982 2348 1107 2431 Quibus
1119 2374 1171 2416 re-

133 2463 359 2552 spondendum
374 2485 500 2528 censeo:
521 2475 580 2528 nos
596 2463 733 2552 graviter
750 2461 883 2551 quidem
899 2458 1007 2528 dolcre
1023 2484 1094 2526 cam
1107 2483 1172 2528 cese

132 2577 305 2642 bominum
332 2575 562 2666 plerorumque
593 2561 810 2640 infelicitatem
837 2574 927 2664 quod
940 2573 1021 2640 ,sint
1048 2574 1170 2642 ratione

132 2691 268 2780 praediti
295 2706 327 2754 et
357 2689 501 2756 absurdis
527 2689 624 2754 fidem
652 2687 780 2754 habere*
793 2703 975 2777 nequeant,
994 2703 1028 2751 ct
1049 2686 1170 2754 durum

132 2804 199 2868 hoc
214 2819 347 2890 putare,
368 2801 423 2866 sed
441 2799 609 2866 ferendum
627 2818 734 2866 tamen
752 2825 829 2867 cnm
844 2803 999 2890 corrigere
1014 2802 1055 2864 sit
1069 2799 1166 2865 nefas.

132 2915 202 2981 Hos
219 2913 276 3004 qui
296 2910 564 2976 nibil.admr'ttcre
585 2928 641 2974 aut
656 2895 783 2976 credere
799 2911 921 2978 soleant
938 2913 1027 3002 quod
1042 2914 1170 2979 rationis

130 3031 277 3117 ipsorum
286 3022 457 3110 modulum
465 3023 596 3090 excedat
607 3055 619 3105 ,*
631 3023 820 3112 priusquam
830 3024 1076 3095 Limborclrinm
1087 3042 1170 3092 um-

132 3165 235 3233 quam
254 3163 350 3204 suum
372 3135 487 3226 plausu
508 3137 684 3224 excipiant,
705 3137 823 3202 nescire
839 3136 917 3204 nolo
929 3137 1026 3205 illum
1039 3142 1084 3206 sic
1095 3143 1170 3230 qui-

129 3256 211 3321 dem
225 3255 426 3336 existimasse,
442 3250 525 3336 nihil
543 3253 578 3316 in
595 3250 690 3317 Sacro
710 3249 826 3317 Codice
840 3251 945 3316 doceri
961 3251 1052 3340 quod
1068 3269 1171 3320 rectae

132 3369 250 3434 rationi
269 3366 470 3445 adversetur,
492 3389 559 3430 non
579 3384 654 3429 vero
675 3387 712 3428 eo
726 3386 927 3454 progressum
938 3387 1002 3430 esse
1015 3386 1170 3456 anugan..

133 3483 195 3547 tiae
215 3496 246 3544 et
266 3478 455 3566 stupiditatis
478 3493 516 3542 ut
536 3473 619 3541 nihil
643 3501 680 3542 eo
700 3478 854 3542 contineri
877 3479 1060 3565 opinaretur
1081 3480 1170 3569 quod

132 3619 223 3662 suam
240 3594 394 3658 rationem
412 3606 583 3680 superaret.
616 3587 669 3656 sic
680 3606 746 3656 est:
761 3589 866 3678 ajebat
880 3590 1106 3656 Limborchius
1117 3595 1170 3656 ni.-

132 3706 182 3774 hil
208 3708 298 3796 quod
324 3723 425 3772 rectae
449 3707 563 3772 rationi
589 3721 747 3794 repugnet
770 3721 827 3770 aut
847 3705 1029 3769 evidentem
1050 3706 1084 3771 in
1105 3731 1169 3774 sese

86 3892 89 3897 ,
133 3820 362 3888 absurditatem
375 3820 534 3887 contineat
548 3843 567 3882 a
579 3817 647 3880 Deo
659 3865 668 3898 ,
682 3839 719 3880 ac
732 3816 867 3903 proinde
883 3815 1062 3905 Scriptura,
1079 3843 1170 3884 reve-

133 3933 237 3999 latum
255 3955 318 3998 esse
335 3931 462 4019 posse1.
499 3927 553 3994 Ab
571 3925 668 3993 altera
681 3945 771 4016 parte
785 3925 915 3992 nolebat
930 3928 1168 4018 Philosophiam

171 4199 180 4230 ¹
200 4203 253 4249 tib.
274 4201 300 4257 l,
318 4214 339 4249 c.
363 4201 411 4257 te,
430 4197 481 4262 55.
514 4197 583 4248 Conl.
600 4197 712 4246 Straues:
729 4196 769 4244 die
782 4195 884 4244 Cirrisd.
902 4196 1045 4246 Gtautsrst,
1059 4213 1086 4246 o.
1099 4213 1121 4244 s.
1135 4210 1167 4244 w.

138 4297 204 4343 tstcr
213 4297 258 4354 tt,
275 4295 301 4344 S.
314 4296 373 4344 tto.
389 4321 419 4332 -
434 4296 508 4346 Recto
520 4295 554 4344 sic
563 4292 739 4342 bimborchius.
760 4291 880 4340 Addatnr:
902 4293 996 4342 etiamsi
1009 4293 1112 4342 revelari
1124 4306 1167 4353 po·
