2959 5284
698 502 895 570 ..ωο-

280 701 322 764 cis
339 721 414 763 cum
428 695 603 762 Socinianis·
615 687 838 774 dissentiebant
845 685 1101 750 Remonstrantes
1112 727 1120 761 ‚
1134 699 1248 742 verum
1261 675 1314 762 ip-

280 837 352 878 sum
370 807 562 898 Theologiae
575 804 769 894 principium
783 824 817 864 re
829 797 925 886 longe
938 795 1100 859 diversum
1112 809 1312 878 quamquam

281 923 385 990 verbis
403 921 467 987 fere
487 943 663 986 consonum
681 912 856 980 habebant.
876 946 919 958 -
943 907 1093 973 Vidimus
1107 903 1147 967 de
1163 898 1313 964 Limbor-

281 1037 344 1101 chii
367 1033 570 1124 aequalibus,
596 1031 635 1096 de
657 1023 884 1094 recentioribus
900 1021 1006 1086 brevis
1026 1041 1092 1082 ero.
1137 1013 1316 1100 Utriusque

284 1169 349 1216 tam
375 1143 674 1236 Supematuralismi
699 1163 799 1231 quam
824 1118 1043 1200 Rationalismi
1066 1128 1242 1218 principia,
1264 1139 1316 1188 at-

282 1288 346 1352 que
366 1286 432 1326 nna
451 1237 640 1350 quaestionis
660 1251 870 1330 solutionem,
893 1248 929 1310 in
947 1241 1145 1310 Limborchii
1162 1237 1315 1303 sententia

283 1373 380 1438 latere
398 1396 492 1460 snpra
514 1371 727 1436 demonstrare
742 1378 879 1428 'conatus
898 1382 980 1424 sum.
1028 1353 1082 1419 llli
1101 1353 1159 1442 qni
1175 1349 1237 1416 sub
1249 1371 1317 1415 sae-

283 1485 348 1552 culi
375 1484 557 1572 praesertim
583 1477 794 1544 antecedentis
812 1472 912 1538 finem
932 1486 964 1534 et
982 1468 1080 1555 hujus
1101 1465 1193 1531 initio
1210 1461 1317 1528 Theo-

284 1599 380 1688 logias
400 1595 547 1674 Biblines,
564 1592 691 1680 proprie
709 1589 754 1653 sic
772 1587 883 1666 dictas,
897 1582 1164 1666 conscripserunt,
1182 1577 1216 1639 in
1231 1569 1319 1639 mul-

284 1713 322 1776 tis
343 1735 420 1775 curn
429 1703 633 1792 limborchio
655 1711 847 1777 consonant,
869 1694 968 1782 magis
982 1692 1166 1757 etiameum
1180 1683 1318 1763 Clerieo,

284 1825 343 1913 qni
359 1819 456 1886 talem
470 1813 681 1905 Theologiam
694 1803 1022 1878 Historioo-Biblicam
1041 1801 1201 1894 descripsit
1214 1799 1249 1862 in
1263 1797 1335 1860 Li-*

284 1936 364 2002 bea-ii
385 1935 424 2000 de
443 1931 516 1999 Scto
538 1928 657 1996 Amore
678 1926 769 2016 epist.
793 1922 824 1986 7.
873 1918 998 1989 Eodem
1016 1912 1118 1981 refero
1139 1909 1323 1999 Theologos

285 2049 341 2135 qui
357 2042 557 2135 singulorum
576 2036 806 2126 Apostolorum
825 2031 981 2100 doctrinas
995 2025 1164 2113 explicant.
1190 2023 1233 2086 Hi
1249 2045 1322 2086 om-

284 2183 341 2224 nes
354 2157 480 2224 ,utilem
502 2169 662 2243 praestant
691 2171 821 2238 operam
843 2160 876 2207 et
903 2139 1123 2219 aaeeearam,
1147 2157 1215 2199 non
1243 2154 1323 2197 vero
1357 2213 1361 2220 .

284 2269 381 2336 taleni
393 2321 402 2352 ,
416 2270 442 2334 si
459 2267 539 2357 quid
555 2265 665 2346 video,
685 2272 767 2351 qu‘ae
784 2255 876 2322 nobis
889 2253 1021 2318 omnino
1036 2249 1130 2315 faciat
1143 2246 1227 2313 satis.
1253 2244 1322 2310 Ac-

285 2401 427 2450 curatam
454 2381 558 2470 potius
587 2377 782 2443 Christianae
812 2367 970 2458 religionis
995 2361 1238 2448 descriptionem
1261 2357 1322 2420 ha-

284 2497 364 2565 hent
388 2517 501 2560 eorum
523 2491 605 2557 libri
616 2505 648 2552 et
672 2503 780 2574 aptam
798 2487 834 2548 in
854 2496 954 2570 qtram‘
973 2472 1165 2563 Theologus.
1180 2471 1323 2560 inquirat

285 2610 469 2684 materiem,
497 2627 596 2693 quam
622 2603 722 2686 ipsam
750 2595 840 2661 illam
858 2591 1069 2682 Theologiam
1087 2588 1318 2664 Christianam,

243 2773 246 2780 ,
285 2742 384 2809 quam
407 2715 532 2780 dudum
555 2711 755 2802 quaerimus,
782 2731 929 2798 quaeque
952 2707 1082 2770 inventa
1103 2715 1170 2766 non
1194 2714 1320 2765 tantum

286 2911 326 2948 sas
343 2909 440 2958 quoque
459 2895 525 2944 addit
543 2909 588 2944 cur
606 2894 641 2943 sio
659 2893 763 2944 sentiat:
783 2892 896 2954 primam,
915 2891 981 2954 quod
994 2891 1194 2938 Remonstrantes
1206 2885 1324 2935 formulas

287 2993 412 3042 Ecclesiae
425 2999 587 3053 aspernentur
599 2997 625 3038 et
636 2989 722 3036 malint
734 2983 850 3048 ἐπέχειν.
877 2987 1038 3048 Agnoscimus
1046 2985 1218 3046 philosophum
1227 2981 1326 3030 adiab·-

287 3087 387 3136 sardun
405 3093 431 3132 et
449 3092 588 3144 suspectum
606 3083 703 3131 ridetur
720 3083 829 3142 aliquem
847 3080 956 3142 proiiteri
974 3095 1001 3128 se
1019 3093 1069 3128 aon
1080 3079 1162 3128 omnia
1173 3073 1321 3137 intelligere

214 3221 217 3228 i
287 3180 352 3242 quod
371 3178 492 3228 Straussio
510 3177 609 3239 quidem
627 3175 731 3224 sortasse
750 3176 814 3224 iden
832 3184 870 3224 est
887 3189 917 3222 sc
935 3187 1043 3235 negare,
1063 3174 1106 3221 sed
1123 3174 1199 3223 nolim
1217 3172 1249 3219 de
1266 3184 1326 3219 cae-

221 3349 229 3357 ·
286 3283 396 3326 tororum
419 3273 538 3322 modestia
560 3285 590 3320 ex
616 3285 659 3320 sua
679 3271 811 3320 existimet,
848 3270 921 3318 Addit
938 3271 985 3318 noe
1002 3267 1073 3317 vaide
1092 3269 1250 3330 suspiciosum
1268 3279 1323 3314 esse

287 3371 352 3430 quod
372 3369 515 3429 Episcopins
533 3367 611 3416 dicat:
631 3368 661 3415 ad
673 3369 779 3416 salutem
789 3381 840 3416 non
850 3365 1016 3414 necessarium
1027 3377 1082 3412 esse
1093 3371 1122 3410 ut
1133 3363 1189 3424 quis
1200 3362 1324 3424 praeexis-

289 3462 390 3514 tentiam
408 3459 463 3509 niti
481 3461 525 3507 itai
543 3470 668 3518 agnoscat.
705 3463 792 3522 ltaque
811 3464 874 3510 haec
886 3469 923 3509 est
934 3459 1049 3508 Stramsii
1061 3458 1092 3506 de
1104 3457 1232 3518 theologis
1243 3457 1325 3505 Giris·

287 3554 361 3610 tianis
373 3554 515 3610 semmua,
534 3553 652 3606 danuiia
670 3567 697 3601 re
716 3553 819 3602 firmiter
836 3555 885 3602 iilis
902 3565 1048 3615 persuasum
1065 3566 1123 3602 esse-
1136 3553 1184 3601 nisi
1195 3550 1251 3600 iidei
1262 3564 1326 3599 suae

289 3649 431 3714 professioni
449 3649 544 3698 addera'
557 3648 606 3696 sint
622 3648 716 3710 parati:
742 3648 786 3710 qui
802 3648 879 3709 igitar
903 3649 1056 3706 vultsalrns
1071 3647 1127 3696 fleri
1143 3648 1180 3696 sir
1196 3643 1325 3695 maiacum

290 3747 398 3812 septinia-
421 3744 474 3794 Illis
484 3741 627 3792 Christianis
639 3744 682 3806 qui
693 3742 948 3795 itidemorthodoriae
958 3738 1077 3805 κριτήριον
1088 3743 1184 3804 porum
1194 3740 1326 3796 damnatitii
1370 3759 1375 3769 ¹

290 3841 454 3895 temeritatem
474 3846 563 3888 riorum
583 3840 677 3889 socinm
696 3841 859 3900 gratilamur.
873 3841 905 3876 '—
924 3839 1055 3895 Caeterum
1072 3835 1326 3886 hamamtzomriito

291 3939 491 3990 liemonstrantes
505 3933 579 3982 etiam
591 3949 636 3997 sua
648 3934 679 3984 'tie
695 3933 813 3994 religione
830 3933 966 3987 Christiana
976 3933 1091 3994 placita,
1100 3932 1241 3980 imbuerunt
1252 3943 1326 3978 snam

292 4031 350 4086 fidei.
366 4028 654 4094 confessionemntediu
666 4028 708 4078 itia
717 4029 853 4077 dissensum
863 4027 982 4081 ferebant.
1003 4027 1163 4088 Eraopslmm
1173 4025 1328 4075 onniainbio

292 4124 444 4186 attinuerat
455 4120 586 4174 credebaut
594 4139 612 4188 ;¹
620 4123 732 4183 dogmata
746 4137 808 4172 raro
815 4157 823 4181 ,
843 4122 861 4170 i.
875 4137 900 4170 e.
911 4125 1017 4170 humma
1028 4121 1117 4181 quibus
1125 4120 1326 4182 dirinnmliran-

293 4219 384 4282 galium
399 4217 534 4286 applicatur
550 4216 654 4276 placita,
667 4217 701 4266 ita
710 4239 713 4245 ·
721 4217 815 4280 sarcire
828 4216 899 4278 ntgab
909 4215 939 4262 iis
950 4214 1068 4276 necipsis
1077 4228 1124 4264 nec
1135 4215 1190 4264 aliis
1200 4213 1327 4265 dimedere

293 4314 330 4364 tas
340 4320 418 4371 asset,
433 4309 594 4375 arrogantiam
607 4313 727 4371 putabant
735 4319 764 4359 et
776 4308 937 4371 tyrannidem.
