2959 5284
721 467 902 530 ...38-

256 705 259 712 .
291 650 461 732 antistitem
495 673 577 739 quae
604 666 725 740 quanta
752 674 863 738 capere
891 653 1042 739 potuisset
1070 655 1265 721 incrementa
1294 675 1328 722 et

291 786 357 852 quo
376 761 504 828 tandem
525 763 724 851 pertinuisset
744 763 875 830 definire
895 764 1031 837 difficile,
1043 784 1110 851 eet,
1132 770 1193 834 nisi
1205 787 1327 836 arctam

291 876 548 962 conjunctionem
564 877 669 940 variae
685 877 919 964 impedivissent
933 901 1062 960 murae,
1086 905 1227 970 quarum
1238 885 1327 950 Lirn-

292 985 417 1052 borchii
436 1005 536 1053 aetate
556 987 617 1054 hae
635 1005 696 1054 trer
715 987 848 1054 fuerum
860 993 1063 1079 praecipuae:
1088 993 1325 1086 abAnglormn

289 1115 379 1186 parte
401 1101 535 1187 suspicio
552 1101 641 1190 quod
660 1101 916 1170 Remonstrantea
938 1129 1015 1170 cum
1032 1105 1205 1174 Socinianis
1224 1109 1326 1176 horre

290 1211 448 1300 putabant
461 1213 494 1294 ἲς
526 1229 658 1301 aparte
688 1215 984 1282 Remonstrantium
1013 1236 1117 1286 metm
1143 1245 1187 1287 ne
1215 1221 1325 1290 foedus

290 1347 365 1389 cum
384 1323 510 1391 ecclesia
521 1325 697 1417 Anglioena
713 1327 1106 1399 Contra-Remonstrantes
1121 1338 1258 1426 graviter
1274 1338 1325 1404 of·

289 1436 431 1504 senderet
457 1457 489 1504 et
514 1441 557 1506 sic
578 1443 697 1528 patriae
712 1440 857 1526 ecclesiae
876 1445 1044 1512 discidium
1062 1468 1207 1540 augerem
1233 1456 1324 1520 tertia

290 1551 429 1639 denique
456 1568 487 1616 et
514 1551 722 1636 validissima,
758 1578 956 1645 quamquam
985 1557 1029 1624 ab
1056 1563 1200 1653 utrisque
1225 1571 1325 1659 magia

288 1687 376 1730 sense
406 1690 504 1756 quarn
529 1666 689 1734 intellecta
714 1668 797 1753 fuit,
829 1689 913 1737 certe
938 1678 1038 1766 magis
1062 1679 1198 1744 indicata
1223 1706 1324 1772 quam

289 1795 397 1865 aperte
421 1781 646 1868 pronuntiata,
675 1781 754 1848 haec
780 1782 873 1850 fixisse
891 1787 1038 1856 videtur:
1062 1793 1153 1880 quod
1166 1792 1266 1885 Angli
1288 1799 1324 1862 16

289 1891 494 1982 dogmatibus
519 1892 705 1958 Arminium
733 1897 816 1960 inter
848 1913 880 1962 et
909 1899 1088 1968 Gomarum
1118 1912 1324 1976 controversis

287 2027 436 2094 magnam
451 2023 575 2094 partem
584 2002 1067 2090 Aminianierant‚uni'versam
1090 2041 1162 2084 vero
1187 2024 1324 2088 sentien-

287 2115 319 2180 di
336 2119 490 2181 rationem
508 2119 598 2207 quod
622 2121 734 2184 attinet
749 2124 925 2208 paucissimi
947 2144 1037 2192 erant
1053 2129 1319 2202 Remonstrantce.

287 2227 371 2292 Cum
391 2231 498 2316 paucis
521 2231 618 2320 igitur
636 2229 719 2295 hisce
741 2235 909 2322 praecipue
926 2235 1076 2328 frequens
1093 2243 1234 2311 hahebat
1251 2247 1323 2314 lite-

285 2365 395 2406 rarum
419 2344 645 2408 commercium
675 2345 918 2432 Limborchius3
952 2353 995 2418 ad
1022 2377 1120 2444 quem
1142 2361 1322 2428 Timannur

284 2451 458 2536 Gesselius,
476 2456 616 2520 medicus
638 2454 885 2546 Ultrajectinus‚
900 2464 935 2527 in
951 2463 1049 2531 literis
1070 2472 1112 2535 16
1131 2469 1213 2560 Apr.
1233 2477 1331 2542 1666

285 2563 382 2628 datis:
410 2568 604 2652 »prudenter
622 2577 704 2656 agis,
728 2571 854 2659 inquit,
878 2589 910 2638 et
926 2584 961 2640 in
978 2581 1102 2665 grande
1118 2600 1247 2650 norem
1265 2611 1321 2652 ,50-

285 2683 409 2740 eietatir
427 2679 638 2756 commodum,
656 2681 812 2770 quidquid
822 2694 904 2774 agis,
921 2704 953 2752 et
975 2700 1121 2778 inprimis
1130 2721 1194 2784 per
1210 2699 1320 2776 literar

284 2787 360 2851 illas
381 2801 452 2852 tuas
474 2813 543 2854 eum
571 2792 808 2879 professoribus
834 2811 1057 2868 transmarinis
1075 2819 1320 2878 communicato-

284 2907 361 2966 rias.
408 2901 557 2990 Sequeris
574 2912 608 2966 in
627 2927 665 2968 eo
684 2915 847 2995 conquam
858 2921 1042 2998 primitivae
1061 2919 1224 2987 Ecclesiae
1239 2949 1319 2992 eon-

186 3099 189 3104 ¹
282 3116 352 3164 chius
369 3127 396 3164 eo
414 3117 481 3166 iilam
499 3120 569 3170 vaide
582 3126 695 3185 probare.
732 3128 1316 3210 6661.66616661,6666.16.16,64,

282 3207 295 3271 5
316 3212 330 3258 't
347 3225 383 3272 sq.
421 3213 566 3276 Nuperrime
578 3217 645 3267 itiam
657 3225 837 3274 commendavit
848 3230 887 3275 vir
896 3229 1050 3282 doctissimus
1062 3237 1178 3299 Kdltner,
1192 3244 1218 3290 in
1228 3245 1315 3296 Theoi.

283 3305 353 3354 Stud.
374 3322 401 3356 6.
422 3308 487 3357 Krit.
506 3310 590 3374 tahrg.
613 3315 696 3373 1815,
717 3319 773 3367 tter
789 3321 837 3379 11..
859 3323 885 3370 S.
898 3325 995 3386 56313.

317 3396 512 3452 ’Limborohius
531 3406 555 3453 in
575 3409 653 3458 literis
670 3413 701 3460 od
720 3414 796 3464 Henr.
817 3417 924 3478 ionice,
944 3421 1079 3473 Amrtelod.
1099 3429 1315 3493 1816616811

283 3495 390 3553 6116166,
410 3496 505 3558 inquit,
524 3487 616 3551 tantam
635 3505 660 3552 in
673 3506 806 3568 Angiorum
816 3514 905 3562 animis
915 3519 1092 3580 mutationem
1105 3535 1191 3574 verum
1203 3542 1233 3577 ea
1243 3544 1316 3592 prae·

281 3595 320 3638 ter
344 3594 550 3655 exspectationem
573 3611 623 3646 non
646 3601 742 3659 evenit3
760 3605 813 3668 jam
831 3615 888 3656 ante
905 3609 1050 3661 decennium
1068 3616 1166 3668 circiter
1181 3636 1238 3671 eam
1255 3625 1315 3674 nihi

281 3699 350 3734 mens
368 3691 513 3750 praesertim
534 3705 580 3741 neo
598 3693 667 3742 deest
685 3695 831 3756 quibusdam
849 3712 1006 3766 praeterint,
1024 3712 1091 3770 quod
1108 3713 1242 3768 8661616616
1255 3735 1315 3771 aua·

280 3779 363 3828 thema
385 3781 466 3831 dicere
488 3799 628 3838 vereamur.
673 3791 748 3848 Quasi
765 3809 855 3847 norum
873 3801 919 3850 hoc
937 3802 983 3862 sit,
1002 3813 1029 3853 et
1047 3820 1095 3854 666
1113 3817 1186 3860 antea
1202 3813 1229 3862 in
1247 3815 1317 3864 librie

279 3875 368 3924 nostris
385 3877 476 3939 passim
493 3880 594 3930 lectum.
634 3886 685 3936 1166
703 3890 821 3952 quidquid
836 3903 890 3954 ert,
904 3897 924 3944 si
936 3912 1021 3949 errare
1032 3903 1175 3963 credamur,
1187 3908 1244 3970 piae
1256 3891 1326 3973 erge*

211 4023 215 4036 ,
280 3983 420 4020 communes
438 3974 537 4022 humani
556 3981 652 4036 generis
670 3981 825 4034 infirmitates
839 3993 1057 4054 commiserationi,
1070 4005 1096 4046 et
1106 4000 1241 4060 profundae
1256 4017 1315 4065 erga

208 4086 210 4090 -
231 4121 233 4124 Ι
279 4065 380 4113 verbum
405 4067 511 4116 divinum
531 4076 686 4125 reverentiae
708 4079 854 4131 condonent.
894 4087 963 4135 Aliae
980 4098 1024 4138 aut
1042 4095 1160 4144 arctiores
1177 4100 1263 4148 6616116
1284 4115 1315 4151 ac

279 4159 441 4208 damnationis
465 4165 582 4225 regulas,
603 4182 675 4229 quam
695 4185 709 4220 a
729 4173 779 4222 Deo
797 4175 850 4238 ipro
869 4193 962 4230 66666
981 4184 1120 4245 legislatore
1138 4195 1313 4257 procerrimae,

279 4254 378 4306 definire
398 4273 445 4308 666
463 4261 609 4312 audomari*
