2959 5284
730 445 906 522 -887-

300 627 384 719 giam
403 651 532 718 quoque
549 628 723 717 Typicam,
739 626 852 718 ilbque
865 651 1040 720 congruam
1053 629 1098 704 V.
1115 630 1158 695 Τ.
1175 628 1333 718 interpre-

301 741 470 818 tationem,
498 739 631 804 miuime
659 757 845 828 aspernatur
871 739 910 830 (l.
933 740 958 807 l.
979 740 1128 830 laudd.),
1144 741 1201 806 sed
1217 742 1334 811 mode*

299 867 386 933 rate,
405 850 529 935 sobrie,
552 851 727 939 prudenter
745 850 836 918 illam
854 851 928 920 vult
943 856 1099 934 exerceri,
1119 871 1152 922 et
1172 870 1247 920 ante
1262 879 1334 920 om·

277 976 280 984 “
299 965 352 1030 nia
372 961 527 1030 literalem
547 962 721 1031 verborum
740 988 868 1032 sensum
885 968 1076 1058 investigari.
1111 965 1245 1042 summa
1260 983 1334 1035 tau·

299 1077 373 1144 dem
393 1073 490 1144 laude
515 1077 610 1167 digna
631 1093 707 1142 sunt
731 1079 784 1146 aei
801 1073 903 1166 πόσης
921 1079 1080 1167 ἀποδοχῆς
1096 1073 1169 1158 ἔξω
1188 1102 1272 1168 qius
1292 1081 1334 1146 de

299 1195 456 1276 requisitis
483 1196 517 1252 in
546 1188 730 1276 Scripturae
748 1197 918 1278 interprete
936 1207 1045 1257 monet
1064 1191 1138 1259 Lib.
1160 1193 1197 1276 1,
1219 1215 1248 1258 c.
1274 1196 1330 1260 ta.

298 1300 402 1383 Quem
420 1322 488 1366 nou
508 1316 634 1365 tantum
653 1303 739 1367 varia
759 1302 936 1369 eruditione
953 1304 996 1369 ad
1009 1327 1129 1370 munus
1141 1328 1238 1370 suum
1249 1304 1333 1371 bene

297 1428 445 1500 paratum
464 1413 611 1478 accedere
629 1412 740 1502 jubet,
763 1437 877 1480 verum
896 1413 1036 1503 postulat
1057 1418 1152 1482 etiam
1171 1435 1230 1483 aut
1248 1415 1331 1484 liber

296 1527 336 1589 sit
360 1550 380 1590 a
406 1526 623 1613 praejudiciis,
654 1549 846 1616 sensumque
871 1551 968 1594 suum
988 1529 1023 1592 iu
1047 1527 1244 1616 Scripturam
1263 1551 1332 1596 non

296 1636 428 1722 inserat,
456 1639 511 1704 sed
537 1661 577 1702 ex
603 1663 639 1704 ea
660 1639 817 1730 hauriat,
832 1656 958 1725 certus,
985 1640 1053 1706 fieri
1074 1665 1182 1730 posse,
1204 1659 1243 1707 ut
1258 1666 1332 1708 sen·

296 1751 413 1834 tentia,
433 1774 533 1840 quam
554 1773 663 1818 teram
679 1753 778 1817 eredit
786 1801 798 1832 ,
810 1772 949 1819 ‘erronea
966 1756 1006 1819 sit
1024 1772 1058 1820 et
1076 1754 1240 1844 Scriptura
1258 1753 1332 1819 red-

296 1880 459 1956 arguatur.
497 1863 572 1930 Non
592 1867 679 1930 enim
696 1863 848 1946 credibile
869 1883 915 1932 est
936 1867 1061 1951 Deum,
1085 1867 1209 1934 bomini
1224 1866 1332 1954 Serip-

295 1995 402 2062 turam
424 1976 562 2069 legenti,
587 1962 660 2045 nou
672 1995 710 2044 ut
729 1980 893 2045 veritatem
913 1980 1032 2046 sincere
1055 1987 1094 2046 eri
1113 2005 1150 2046 ea
1170 1979 1331 2062 addiscat,

294 2092 349 2156 sed
374 2108 413 2157 ut
436 2093 626 2172 sententiae,
650 2091 772 2180 absque
792 2090 900 2157 debito
920 2093 1064 2156 examine
1082 2081 1243 2179 arreptae,
1266 2107 1334 2155 sta-

294 2201 451 2270 biliendae
469 2219 655 2294 argumenta
675 2203 832 2294 qtraedam
853 2206 1039 2294 conquirat,
1060 2229 1169 2270 veram
1186 2203 1333 2291 Scriptu-

294 2341 347 2382 rae
364 2315 605 2408 intelligentiam
623 2315 850 2410 largiturum.'’
885 2317 981 2384 Recte
999 2317 1055 2384 ille
1074 2335 1106 2384 et
1126 2314 1217 2383 vere!
1255 2318 1331 2384 Uti-

293 2454 369 2524 nam
387 2432 431 2496 sie
451 2446 596 2520 saperent
615 2429 724 2516 multi,
736 2433 804 2522 -qui
822 2455 899 2509 eum
919 2456 1049 2498 omnem·
1066 2428 1331 2499 Rationalismum

293 2546 419 2632 oderint
433 2563 465 2611 et
475 2561 648 2633 respuant,
666 2546 724 2632 ipsi
742 2542 838 2634 longe
856 2545 981 2632 pessimi
998 2560 1074 2609 sunt
1088 2541 1327 2626 Rationalistae3

293 2658 413 2745 quippe
432 2655 515 2720 nihil
537 2656 702 2724 admittere
721 2655 804 2742 velle
824 2658 913 2746 quod
930 2671 1035 2736 rectae
1055 2659 1169 2723 rationi
1185 2658 1329 2732 adsense-

293 2787 347 2840 tur
375 2771 512 2860 impium
537 2770 662 2840 ducunt
685 2785 718 2834 et
742 2768 850 2852 nestas,
870 2795 1041 2859 perversae
1060 2793 1136 2836 vero
1156 2793 1229 2834 suae
1249 2767 1330 2834 alio-

292 2907 406 2950 rumve
426 2884 540 2948 raticni
560 2881 845 2972 praejudicatisque
864 2880 1068 2970 opinionibus
1084 2879 1218 2946 Sacrum
1233 2879 1330 2947 Codi-

292 3021 361 3062 cem
387 2995 531 3061 ancillari
555 2979 738 3088 dignantur.
788 2995 895 3086 Pergit
920 2993 1164 3060 Limborchius:
1196 3018 1260 3058 »ne
1277 2987 1330 3058 ni-

291 3109 395 3172 mium
411 3108 550 3198 confidat
566 3110 701 3196 propriis
718 3107 842 3176 viribus
857 3125 889 3171 et
904 3109 1052 3196 ingenio,
1070 3107 1125 3170 sed
1142 3107 1249 3172 animo
1264 3106 1328 3170 hu-

291 3217 361 3286 mili
379 3245 416 3286 ac
436 3222 576 3287 modesto
594 3219 728 3310 Spiritus
747 3218 852 3285 Sancti
870 3215 1027 3282 auxilium
1045 3215 1213 3306 imploret,
1230 3241 1328 3308 quem

291 3333 376 3400 Deus
397 3337 501 3422 ipsum
522 3333 744 3400 invocantibus
762 3335 975 3426 denegaturus
993 3357 1061 3398 non
1080 3349 1144 3415 est·‚
1164 3350 1202 3398 ut
1217 3331 1328 3398 afferat

291 3447 436 3510 animum
466 3445 632 3532 probitatis
659 3472 695 3511 ac
725 3449 850 3534 pietatis
877 3446 1071 3512 studiosum:
1102 3444 1219 3511 talibus
1242 3448 1329 3512 enim

291 3558 375 3623 Deus
390 3574 505 3624 secreta
521 3581 577 3624 sua
592 3556 731 3623 revelare
746 3556 837 3624 solet.
876 3560 916 3622 Iu
932 3560 998 3646 ipsa
1014 3556 1168 3641 lectione,
1185 3555 1327 3624 similiter

290 3673 376 3736 varia
394 3673 622 3762 requiruntur:
644 3687 683 3736 ut
701 3687 847 3736 accurate
861 3672 1004 3761 inquirat
1021 3693 1156 3760 scopum
1170 3671 1326 3753 auctoris,

290 3769 380 3872 cujus
396 3784 495 3849 verba
512 3801 557 3849 est
576 3786 840 3874 interpretaturus
853 3785 887 3848 ¹:
907 3801 940 3849 et
960 3785 1050 3850 hunc
1063 3786 1098 3849 in
1114 3783 1213 3850 finem
1226 3800 1328 3849 atten-

290 3896 543 3926 ..ψ-Δ.-

327 3973 336 4006 ¹
355 3977 417 4024 Hinc
434 3983 536 4038 apparet
552 3989 608 4023 cum
626 3988 702 4036 grano
717 3975 776 4023 salis
788 3977 931 4038 accipienda
943 3990 998 4025 esse
1013 3989 1077 4038 quae
1089 3976 1120 4024 de
1131 3975 1223 4039 Spiritu
1238 3977 1327 4026 &nete

291 4075 407 4121 librorum
426 4083 550 4120 sacrorum
564 4079 664 4120 auctore
684 4071 743 4120 alibi
764 4072 904 4132 pronuntiat
915 4071 1091 4118 Limbcrebius.
1121 4072 1204 4132 Ipsum
1216 4073 1325 4120 baucio·

290 4168 440 4231 terpretandi
459 4181 568 4216 normam
583 4176 692 4216 secutum
709 4181 763 4216 esso
776 4167 926 4216 ostendimus
941 4179 1015 4226 supra
1029 4164 1054 4211 in
1067 4164 1139 4213 l’artc
1154 4167 1231 4214 Priori
1242 4166 1324 4214 ubido

290 4269 342 4328 ojus
358 4265 543 4315 Commentariis
560 4264 662 4325 egimus.
